2612 4412
1128 340 1184 388 41

247 494 530 548 Wilckenio
575 493 868 544 adversatur
913 492 1148 544 Naberus
1162 493 1228 557 1),
1277 492 1396 558 quia
1438 493 1488 542 in
1525 492 1704 544 iisdem
1743 493 1945 559 papyris
1981 513 2138 545 τοπο-

181 590 494 659 γραμματέα
541 590 768 642 relationi
812 590 1333 655 κωμογραμματέως
1367 588 1687 640 subscribere
1721 592 1972 654 oporteat:
2013 589 2140 640 Ἐὰν

181 687 213 740 ὁ
262 685 791 754 το[πογρ]αμματεὺς
842 685 1156 752 ὑπογράψηι
1207 685 1362 735 ταῦθ’
1419 684 1591 741 οὕτως
1644 685 1778 750 ἔχειν
1829 684 1918 734 καὶ
1963 685 2140 750 μηθὲν

181 782 478 851 ἠγνοῆσθαι
527 782 616 848 [τά
668 782 748 847 τ]ε
797 782 962 847 μέτρα
1014 781 1104 832 καὶ
1156 780 1246 837 τὰς
1302 781 1516 846 γειτνίας
1563 780 1746 846 ἕντάξη
1798 780 1848 845 (l.
1886 779 2140 846 ἕντάξηι),

181 877 327 938 δέξαι
379 878 484 930 κτλ.
497 878 568 943 ,·2)
626 878 798 944 „quod
850 878 934 929 vix
988 877 1263 943 procedere
1317 876 1546 928 videatur
1599 876 1650 926 in
1698 876 1904 942 propria
1950 875 2141 926 vasaria

181 987 286 1025 non
322 973 566 1026 habente''
584 975 642 1039 3).

247 1068 348 1122 Sed
384 1085 694 1138 papyrorum
731 1085 948 1122 numero
985 1073 1244 1136 tantopere
1278 1074 1425 1121 aucto
1463 1074 1517 1121 ut
1552 1084 1631 1120 res
1667 1067 1931 1119 diiudicari
1958 1068 2140 1133 possit,

179 1165 518 1218 Wilckenium
565 1167 886 1233 sequendum
934 1182 1043 1218 esse
1089 1167 1317 1218 arbitror.
1376 1166 1455 1217 Ad
1504 1165 1646 1232 quod
1682 1163 2139 1216 demonstrandum

180 1262 398 1315 breviter
431 1279 561 1330 quae
595 1265 771 1331 papyri
808 1280 904 1317 nos
940 1265 1226 1316 docuerunt
1260 1264 1585 1330 complectar:

252 1360 292 1412 1.
360 1361 490 1428 Pap.
525 1361 771 1414 Amherst
802 1363 865 1426 11,
904 1363 981 1413 31.
1051 1362 1263 1428 Apocha
1308 1365 1382 1413 est
1430 1360 1596 1426 regiae
1642 1374 1846 1411 mensae
1883 1359 2139 1408 Hermon-

178 1455 354 1521 thidis,
379 1458 460 1510 cui
491 1457 622 1525 duae
655 1458 948 1526 διαγραφαί
961 1460 1002 1524 4)
1034 1458 1233 1510 additae
1264 1462 1403 1523 sunt,
1430 1458 1582 1509 altera
1604 1461 1696 1508 τοῦ
1727 1455 1810 1507 ἐπὶ
1837 1458 1943 1506 τῶν
1972 1472 2139 1519 προσ-

179 1551 352 1613 όόων,
387 1553 539 1606 altera
572 1558 663 1606 τοῦ
701 1554 974 1621 βασιλικοῦ
1013 1557 1382 1623 γραμματέως.
1439 1555 1524 1606 llla
1553 1553 1817 1605 mulierem
1854 1549 2139 1617 quandam,

178 1664 310 1716 quae
331 1649 516 1702 iniuria
537 1651 808 1719 βασιλικῆς
833 1657 927 1719 γῆς
961 1653 1089 1704 duas
1113 1654 1258 1705 ulnas
1283 1652 1491 1719 praedio
1516 1667 1612 1703 suo
1636 1649 1931 1711 addidisset,
1962 1647 2139 1698 drach-

180 1747 278 1811 mis
301 1748 429 1800 1200
451 1747 839 1800 condemnatam
867 1765 1081 1815 eamque
1101 1764 1319 1815 poenam
1341 1748 1508 1814 regiae
1533 1762 1735 1799 mensae
1765 1742 2141 1797 Hermonthide

178 1842 395 1896 solutam
442 1859 553 1896 esse
595 1843 755 1896 refert.
808 1845 976 1897 Altera
1012 1845 1280 1912 διαγραφή
1319 1861 1377 1897 ea
1411 1848 1605 1896 tantum
1640 1842 1945 1896 condicione
1980 1844 2139 1905 trape-

178 1940 304 1993 zitae
349 1940 527 1992 tradita
571 1946 645 1993 est
688 1957 718 1993 a
751 1942 1009 2010 βασιλικῷ
1045 1947 1362 2009 γραμματεῖ,
1411 1946 1465 1992 ut
1499 1937 1972 2007 τοπογραμματεὺς
2006 1937 2139 1988 ὓπο-

181 2035 361 2104 Υράφῃ
397 2037 553 2088 ταῦθ’
594 2037 766 2095 οὕτως
801 2039 936 2106 ἔχειν
970 2039 1060 2114 καὶ
1094 2038 1271 2106 μηθὲν
1307 2038 1604 2106 ἠγνοῆσθαι
1639 2036 1728 2087 καὶ
1764 2035 1957 2093 ἕντάξει
1993 2034 2053 2083 τά
2089 2052 2141 2083 τε

178 2132 344 2199 μέτρα
378 2132 468 2189 καὶ
497 2132 587 2191 τὰς
612 2134 850 2199 γειτνίας,
888 2135 939 2186 id
965 2136 1108 2201 quod
1135 2134 1608 2202 τοπογραμματεύς
1630 2149 1660 2185 a
1683 2134 2148 2198 κωμογραμματεῒ

179 2228 362 2282 certior
394 2230 554 2282 factus
588 2231 869 2284 confirmat.
937 2271 939 2273 »

246 2327 293 2378 2.
360 2326 491 2393 Ραρ.
525 2327 771 2379 Amlzetst
803 2329 865 2391 11,
902 2329 981 2379 32.
1053 2328 1374 2394 Magistratus
1410 2326 1619 2392 quidam
1657 2325 1806 2376 refert
1834 2341 2139 2389 τοπογραμ-

177 2424 377 2491 ματέας
403 2424 770 2477 renuntiavisse
798 2426 1229 2492 στρατευομένοις
1253 2423 1561 2491 quibusdam
1589 2438 1694 2474 non
1721 2420 1913 2473 maiora
1937 2419 2141 2487 praedia

178 2536 290 2574 esse
322 2537 477 2588 quam
515 2521 576 2574 iis
611 2525 967 2589 competerent.

235 2837 271 2890 1)
326 2837 481 2879 Archiv
510 2839 525 2879 1
556 2849 598 2889 p.
627 2839 719 2880 322.

234 2915 272 2968 2)
327 2915 599 2957 Actenstiicke
626 2916 694 2966 lv,
725 2917 774 2966 2,
809 2917 856 2956 19
887 2927 978 2966 sqq.

234 2993 272 3047 3)
327 2993 483 3036 Archiv
511 2994 538 3035 l.
570 2994 597 3035 1.

234 3071 272 3124 4)
329 3071 394 3114 De
421 3072 547 3113 huius
575 3072 690 3113 verbi
722 3071 1030 3123 significatione
1060 3071 1112 3112 cf.
1146 3070 1359 3120 Wilcken‚
1390 3069 1663 3110 Actenstiicke
1688 3080 1729 3119 p.
1761 3070 1835 3118 30,
1866 3068 1937 3109 ubi
1965 3069 2138 3118 legitur:

184 3150 304 3199 „er
335 3150 475 3192 lemen
516 3150 708 3200 hiemus,
754 3151 857 3191 dass
895 3150 1066 3191 dhnliclz
1097 3150 1172 3191 wie
1206 3150 1283 3190 der
1323 3149 1519 3200 Trapezit
1551 3149 1642 3189 elne
1673 3147 1878 3198 Zalzlung
1917 3158 2004 3186 nur
2050 3148 2137 3186 ent-

175 3229 465 3282 manuam,
524 3240 639 3270 wenn
689 3229 776 3270 ihm
817 3230 908 3270 elne
943 3225 1169 3283 διαγραφή
1209 3229 1398 3269 dariiber
1438 3239 1516 3268 von
1545 3227 1625 3268 den
1664 3226 2140 3277 Verwaltungsbeamten

178 3318 290 3360 zuge
319 3318 492 3359 gangen
533 3318 640 3357 war,
680 3319 729 3347 so
768 3307 1043 3348 auderet-seim
1081 3307 1158 3348 der
1191 3306 1629 3358 Zaklungspflislztige
1665 3304 1774 3345 auclz
1813 3307 1896 3345 (νεῖ
1926 3305 2044 3344 darm
2074 3304 2144 3344 dle

179 3384 386 3437 Zalzlung
422 3397 480 3427 an
521 3385 592 3426 die
629 3385 863 3436 kdntgliclze
903 3386 1029 3426 Bank
1071 3385 1240 3434 leis-tete,
1290 3397 1404 3425 ινεηη
1450 3384 1535 3424 ihm
1583 3395 1660 3424 von
1705 3383 1839 3423 dieser
1873 3383 1964 3422 eine
2003 3381 2145 3422 solclte

179 3463 397 3515 zumtellt
428 3464 554 3505 war.’'

235 3539 304 3582 Cf.
333 3540 515 3591 MitteiS,
560 3541 823 3593 Trapezttika
861 3552 902 3592 p.
933 3542 984 3582 20
1022 3552 1113 3592 sqq.
1155 3540 1524 3592 (Sonderabdruck
1561 3551 1642 3580 aas
1681 3539 1758 3579 der
1792 3538 2028 3589 Zeitsclzrc‘ft
2069 3539 2146 3579 der

179 3617 555 3671 Savignystiflung
567 3618 653 3670 19);
671 3618 958 3669 Gradenwitz,
984 3618 1264 3671 Elnflinrung
1287 3620 1331 3659 in
1361 3618 1430 3659 die
1452 3617 1788 3669 Papyrusktmde
1803 3616 1841 3666 1,
1872 3628 1911 3667 p.
1934 3618 2006 3658 139
2022 3628 2137 3668 sqq.;

180 3695 366 3738 eiusdem
395 3695 510 3737 Zwel
524 3696 946 3748 Bankanweismngen
977 3708 1058 3738 aas
1086 3697 1165 3738 den
1196 3697 1386 3738 Berztner
1412 3697 1574 3748 Papyri
1598 3695 1767 3747 (Archiv
1798 3695 1831 3735 11
1864 3707 1903 3747 p.
1934 3697 1985 3735 (Ν)
2016 3696 2138 3747 sqq).
