<?xml version="1.0" encoding="UTF-8"?>
<!DOCTYPE html PUBLIC "-//W3C//DTD XHTML 1.0 Transitional//EN"
    "http://www.w3.org/TR/xhtml1/DTD/xhtml1-transitional.dtd">
<html xmlns="http://www.w3.org/1999/xhtml" xml:lang="en" lang="en">
 <head>
  <title>
</title>
<meta http-equiv="Content-Type" content="text/html;charset=utf-8" />
  <meta name='ocr-system' content='tesseract 3.04.00' />
  <meta name='ocr-capabilities' content='ocr_page ocr_carea ocr_par ocr_line ocrx_word'/>
</head>
<body>
  <div class='ocr_page' id='page_1' title='image "./deaegyptiarumkmn00engeuoft_0090.png"; bbox 0 0 2612 4412; ppageno 0'>
   <div class='ocr_carea' id='block_1_1' title="bbox 1362 396 1428 445">
    <p class='ocr_par' dir='ltr' id='par_1_1' title="bbox 1362 396 1428 445">
     <span class='ocr_line' id='line_1_1' title="bbox 1362 396 1428 445; baseline 0 0"><span class='ocrx_word' id='word_1_1' title='bbox 1362 396 1428 445; x_wconf 89' lang='lat'><strong>80</strong></span> 
     </span>
    </p>
   </div>
   <div class='ocr_carea' id='block_1_2' title="bbox 487 548 2372 616">
    <p class='ocr_par' dir='ltr' id='par_1_2' title="bbox 487 548 2372 616">
     <span class='ocr_line' id='line_1_2' title="bbox 487 548 2372 616; baseline 0.003 -18"><span class='ocrx_word' id='word_1_2' title='bbox 487 548 641 613; x_wconf 89' lang='lat' dir='ltr'><strong>lgitur</strong></span> <span class='ocrx_word' id='word_1_3' title='bbox 699 563 803 600; x_wconf 91' lang='lat' dir='ltr'><strong>non</strong></span> <span class='ocrx_word' id='word_1_4' title='bbox 864 552 936 600; x_wconf 93' lang='lat' dir='ltr'><strong>est</strong></span> <span class='ocrx_word' id='word_1_5' title='bbox 993 564 1083 600; x_wconf 88' lang='lat' dir='ltr'><strong>cur</strong></span> <span class='ocrx_word' id='word_1_6' title='bbox 1141 549 1385 600; x_wconf 89' lang='lat' dir='ltr'><strong>miremur</strong></span> <span class='ocrx_word' id='word_1_7' title='bbox 1438 549 1580 615; x_wconf 92' lang='lat' dir='ltr'><strong>quod</strong></span> <span class='ocrx_word' id='word_1_8' title='bbox 1627 549 2014 615; x_wconf 87' lang='lat' dir='ltr'><strong>archiphylacita</strong></span> <span class='ocrx_word' id='word_1_9' title='bbox 2059 553 2106 601; x_wconf 90' lang='lat' dir='ltr'><strong>et</strong></span> <span class='ocrx_word' id='word_1_10' title='bbox 2152 551 2372 616; x_wconf 90' lang='lat' dir='ltr'><strong>publicis</strong></span> 
     </span>
    </p>
   </div>
   <div class='ocr_carea' id='block_1_3' title="bbox 412 643 2373 804">
    <p class='ocr_par' dir='ltr' id='par_1_3' title="bbox 412 643 2373 804">
     <span class='ocr_line' id='line_1_3' title="bbox 412 643 2373 710; baseline 0.002 -16"><span class='ocrx_word' id='word_1_11' title='bbox 412 643 688 710; x_wconf 80' lang='grc' dir='ltr'><em>βασιλικῆς</em></span> <span class='ocrx_word' id='word_1_12' title='bbox 723 648 817 710; x_wconf 85' lang='grc' dir='ltr'><strong>γῆς</strong></span> <span class='ocrx_word' id='word_1_13' title='bbox 852 644 1279 696; x_wconf 89' lang='lat' dir='ltr'><strong>conductionibus</strong></span> <span class='ocrx_word' id='word_1_14' title='bbox 1314 645 1454 696; x_wconf 89' lang='lat' dir='ltr'><strong>adest</strong></span> <span class='ocrx_word' id='word_1_15' title='bbox 1477 645 1517 709; x_wconf 89' lang='lat'><strong>1)</strong></span> <span class='ocrx_word' id='word_1_16' title='bbox 1545 648 1591 695; x_wconf 90' lang='lat' dir='ltr'><strong>et</strong></span> <span class='ocrx_word' id='word_1_17' title='bbox 1626 644 1824 696; x_wconf 90' lang='lat' dir='ltr'><strong>iudiciis</strong></span> <span class='ocrx_word' id='word_1_18' title='bbox 1859 644 1922 694; x_wconf 94' lang='lat' dir='ltr'><strong>ad</strong></span> <span class='ocrx_word' id='word_1_19' title='bbox 1959 645 2162 710; x_wconf 89' lang='lat' dir='ltr'><strong>praedia</strong></span> <span class='ocrx_word' id='word_1_20' title='bbox 2184 645 2373 698; x_wconf 82' lang='lat' dir='ltr'>fiscalia</span> 
     </span>
     <span class='ocr_line' id='line_1_4' title="bbox 418 739 1104 804; baseline -0.001 -14"><span class='ocrx_word' id='word_1_21' title='bbox 418 739 784 804; x_wconf 87' lang='lat' dir='ltr'><strong>pertinentibus</strong></span> <span class='ocrx_word' id='word_1_22' title='bbox 819 739 1026 790; x_wconf 82' lang='lat' dir='ltr'><strong>adsedet</strong></span> <span class='ocrx_word' id='word_1_23' title='bbox 1048 740 1104 803; x_wconf 86' lang='lat'><strong>2).</strong></span> 
     </span>
    </p>
   </div>
   <div class='ocr_carea' id='block_1_4' title="bbox 414 931 2400 2154">
    <p class='ocr_par' dir='ltr' id='par_1_4' title="bbox 414 931 2376 1190">
     <span class='ocr_line' id='line_1_5' title="bbox 484 931 2376 998; baseline 0.001 -15"><span class='ocrx_word' id='word_1_24' title='bbox 484 933 651 983; x_wconf 90' lang='lat' dir='ltr'><strong>Verba</strong></span> <span class='ocrx_word' id='word_1_25' title='bbox 693 932 791 983; x_wconf 89' lang='lat' dir='ltr'><strong>sub</strong></span> <span class='ocrx_word' id='word_1_26' title='bbox 824 933 860 996; x_wconf 85' lang='grc' dir='ltr'>β</span> <span class='ocrx_word' id='word_1_27' title='bbox 895 932 1092 983; x_wconf 90' lang='lat' dir='ltr'><strong>laudata</strong></span> <span class='ocrx_word' id='word_1_28' title='bbox 1127 932 1476 984; x_wconf 88' lang='lat' dir='ltr'><strong>demonstrant</strong></span> <span class='ocrx_word' id='word_1_29' title='bbox 1511 931 1772 998; x_wconf 87' lang='lat' dir='ltr'><strong>phylacitis</strong></span> <span class='ocrx_word' id='word_1_30' title='bbox 1808 932 2091 983; x_wconf 89' lang='lat' dir='ltr'><strong>iniunctum</strong></span> <span class='ocrx_word' id='word_1_31' title='bbox 2127 932 2284 984; x_wconf 86' lang='lat' dir='ltr'><strong>fuisse</strong></span> <span class='ocrx_word' id='word_1_32' title='bbox 2319 936 2376 985; x_wconf 91' lang='lat' dir='ltr'><strong>ut</strong></span> 
     </span>
     <span class='ocr_line' id='line_1_6' title="bbox 414 1020 2375 1095; baseline 0.001 -16"><span class='ocrx_word' id='word_1_33' title='bbox 414 1029 655 1095; x_wconf 82' lang='lat' dir='ltr'><strong>pecunias</strong></span> <span class='ocrx_word' id='word_1_34' title='bbox 709 1028 935 1080; x_wconf 89' lang='lat' dir='ltr'><strong>residuas</strong></span> <span class='ocrx_word' id='word_1_35' title='bbox 987 1029 1243 1094; x_wconf 83' lang='lat' dir='ltr'><strong>exigerent</strong></span> <span class='ocrx_word' id='word_1_36' title='bbox 1288 1028 1511 1094; x_wconf 91' lang='lat' dir='ltr'><strong>aliasque</strong></span> <span class='ocrx_word' id='word_1_37' title='bbox 1544 1020 1821 1093; x_wconf 75' lang='lat' dir='ltr'><strong>pecunias,</strong></span> <span class='ocrx_word' id='word_1_38' title='bbox 1875 1042 2005 1093; x_wconf 93' lang='lat' dir='ltr'><strong>quae</strong></span> <span class='ocrx_word' id='word_1_39' title='bbox 2051 1028 2375 1080; x_wconf 87' lang='lat' dir='ltr'><strong>continentur</strong></span> 
     </span>
     <span class='ocr_line' id='line_1_7' title="bbox 414 1123 1696 1190; baseline -0.002 -14"><span class='ocrx_word' id='word_1_40' title='bbox 414 1124 586 1176; x_wconf 85' lang='lat' dir='ltr'><strong>Verbis</strong></span> <span class='ocrx_word' id='word_1_41' title='bbox 621 1124 680 1174; x_wconf 82' lang='grc' dir='ltr'><strong>τὰ</strong></span> <span class='ocrx_word' id='word_1_42' title='bbox 716 1124 1124 1190; x_wconf 78' lang='grc' dir='ltr'><em>παραδεδομένα</em></span> <span class='ocrx_word' id='word_1_43' title='bbox 1160 1124 1296 1189; x_wconf 80' lang='grc' dir='ltr'><strong><em>πρὸς</em></strong></span> <span class='ocrx_word' id='word_1_44' title='bbox 1331 1123 1488 1180; x_wconf 79' lang='grc' dir='ltr'><em>ἄλλας</em></span> <span class='ocrx_word' id='word_1_45' title='bbox 1524 1124 1696 1180; x_wconf 83' lang='grc' dir='ltr'><em>αἰτίας.</em></span> 
     </span>
    </p>

    <p class='ocr_par' dir='ltr' id='par_1_5' title="bbox 414 1219 2400 2154">
     <span class='ocr_line' id='line_1_8' title="bbox 485 1219 2374 1287; baseline 0.001 -16"><span class='ocrx_word' id='word_1_46' title='bbox 485 1221 754 1286; x_wconf 83' lang='lat' dir='ltr'><strong>Vectigalia</strong></span> <span class='ocrx_word' id='word_1_47' title='bbox 800 1221 1045 1287; x_wconf 77' lang='lat' dir='ltr'><strong>Aegyptia</strong></span> <span class='ocrx_word' id='word_1_48' title='bbox 1091 1220 1271 1286; x_wconf 89' lang='lat' dir='ltr'><strong>partim</strong></span> <span class='ocrx_word' id='word_1_49' title='bbox 1318 1220 1449 1285; x_wconf 85' lang='lat' dir='ltr'><strong>exigi</strong></span> <span class='ocrx_word' id='word_1_50' title='bbox 1486 1220 1649 1271; x_wconf 87' lang='lat' dir='ltr'><strong>solere</strong></span> <span class='ocrx_word' id='word_1_51' title='bbox 1684 1235 1712 1270; x_wconf 88' lang='lat' dir='ltr'><strong>a</strong></span> <span class='ocrx_word' id='word_1_52' title='bbox 1748 1219 2145 1284; x_wconf 89' lang='lat' dir='ltr'><strong>magistratibus,</strong></span> <span class='ocrx_word' id='word_1_53' title='bbox 2193 1221 2374 1286; x_wconf 84' lang='lat' dir='ltr'><strong>partim</strong></span> 
     </span>
     <span class='ocr_line' id='line_1_9' title="bbox 418 1316 2374 1382; baseline 0.001 -14"><span class='ocrx_word' id='word_1_54' title='bbox 418 1318 568 1369; x_wconf 90' lang='lat' dir='ltr'><strong>locari</strong></span> <span class='ocrx_word' id='word_1_55' title='bbox 634 1317 1033 1369; x_wconf 82' lang='lat' dir='ltr'><strong>conductoribus</strong></span> <span class='ocrx_word' id='word_1_56' title='bbox 1081 1332 1234 1382; x_wconf 89' lang='lat' dir='ltr'><strong>supra</strong></span> <span class='ocrx_word' id='word_1_57' title='bbox 1299 1317 1396 1367; x_wconf 89' lang='lat' dir='ltr'><strong>iam</strong></span> <span class='ocrx_word' id='word_1_58' title='bbox 1463 1316 1795 1382; x_wconf 87' lang='lat' dir='ltr'><strong>exposuimus</strong></span> <span class='ocrx_word' id='word_1_59' title='bbox 1829 1316 1898 1381; x_wconf 84' lang='lat'><strong>3);</strong></span> <span class='ocrx_word' id='word_1_60' title='bbox 1952 1316 2040 1381; x_wconf 87' lang='lat' dir='ltr'><strong>qui</strong></span> <span class='ocrx_word' id='word_1_61' title='bbox 2099 1316 2374 1370; x_wconf 83' lang='lat' dir='ltr'><strong>conducto-</strong></span> 
     </span>
     <span class='ocr_line' id='line_1_10' title="bbox 414 1412 2373 1479; baseline 0 -14"><span class='ocrx_word' id='word_1_62' title='bbox 414 1429 497 1466; x_wconf 82' lang='lat' dir='ltr'><strong>res</strong></span> <span class='ocrx_word' id='word_1_63' title='bbox 548 1415 611 1466; x_wconf 90' lang='lat' dir='ltr'><strong>ab</strong></span> <span class='ocrx_word' id='word_1_64' title='bbox 667 1414 940 1479; x_wconf 82' lang='grc' dir='ltr'><em>οἷκονόμῳ</em></span> <span class='ocrx_word' id='word_1_65' title='bbox 999 1413 1211 1479; x_wconf 91' lang='lat' dir='ltr'><strong>eiusque</strong></span> <span class='ocrx_word' id='word_1_66' title='bbox 1257 1413 1421 1464; x_wconf 90' lang='lat' dir='ltr'><strong>scriba</strong></span> <span class='ocrx_word' id='word_1_67' title='bbox 1471 1413 1821 1479; x_wconf 80' lang='grc' dir='ltr'><strong>(ἀντιγραφεῖ)</strong></span> <span class='ocrx_word' id='word_1_68' title='bbox 1871 1412 2287 1464; x_wconf 87' lang='lat' dir='ltr'><strong>custodiebantur</strong></span> <span class='ocrx_word' id='word_1_69' title='bbox 2313 1413 2373 1479; x_wconf 79' lang='lat'><strong>4).</strong></span> 
     </span>
     <span class='ocr_line' id='line_1_11' title="bbox 420 1509 2373 1576; baseline -0.001 -14"><span class='ocrx_word' id='word_1_70' title='bbox 420 1512 702 1574; x_wconf 79' lang='lat' dir='ltr'><strong>Praeterea,</strong></span> <span class='ocrx_word' id='word_1_71' title='bbox 750 1514 871 1562; x_wconf 89' lang='lat' dir='ltr'><strong>teste</strong></span> <span class='ocrx_word' id='word_1_72' title='bbox 906 1511 1024 1567; x_wconf 84' lang='lat' dir='ltr'><strong>Rev.</strong></span> <span class='ocrx_word' id='word_1_73' title='bbox 1059 1511 1262 1575; x_wconf 75' lang='lat' dir='ltr'><strong>Papyro</strong></span> <span class='ocrx_word' id='word_1_74' title='bbox 1295 1510 1364 1575; x_wconf 88' lang='lat'><strong>5),</strong></span> <span class='ocrx_word' id='word_1_75' title='bbox 1413 1509 1671 1574; x_wconf 89' lang='lat' dir='ltr'><strong>vectigalia</strong></span> <span class='ocrx_word' id='word_1_76' title='bbox 1706 1509 1908 1560; x_wconf 89' lang='lat' dir='ltr'><strong>residua</strong></span> <span class='ocrx_word' id='word_1_77' title='bbox 1943 1510 2231 1576; x_wconf 82' lang='lat' dir='ltr'><strong>multaeque</strong></span> <span class='ocrx_word' id='word_1_78' title='bbox 2266 1519 2373 1562; x_wconf 87' lang='lat' dir='ltr'><strong>non</strong></span> 
     </span>
     <span class='ocr_line' id='line_1_12' title="bbox 416 1605 2372 1671; baseline 0 -13"><span class='ocrx_word' id='word_1_79' title='bbox 416 1623 447 1658; x_wconf 91' lang='lat' dir='ltr'><strong>a</strong></span> <span class='ocrx_word' id='word_1_80' title='bbox 481 1607 791 1659; x_wconf 88' lang='lat' dir='ltr'><strong>conductore</strong></span> <span class='ocrx_word' id='word_1_81' title='bbox 821 1606 909 1657; x_wconf 89' lang='lat' dir='ltr'><strong>sed</strong></span> <span class='ocrx_word' id='word_1_82' title='bbox 939 1606 1003 1657; x_wconf 92' lang='lat' dir='ltr'><strong>ab</strong></span> <span class='ocrx_word' id='word_1_83' title='bbox 1035 1620 1322 1658; x_wconf 88' lang='lat' dir='ltr'><strong>oeconomo</strong></span> <span class='ocrx_word' id='word_1_84' title='bbox 1353 1605 1704 1671; x_wconf 80' lang='lat' dir='ltr'><strong>exigebantur,</strong></span> <span class='ocrx_word' id='word_1_85' title='bbox 1741 1606 1854 1671; x_wconf 90' lang='lat' dir='ltr'><strong>qui,</strong></span> <span class='ocrx_word' id='word_1_86' title='bbox 1894 1610 1948 1657; x_wconf 91' lang='lat' dir='ltr'><strong>ut</strong></span> <span class='ocrx_word' id='word_1_87' title='bbox 1976 1609 2372 1658; x_wconf 90' lang='lat' dir='ltr'><strong>consentaneum</strong></span> 
     </span>
     <span class='ocr_line' id='line_1_13' title="bbox 417 1702 2373 1768; baseline 0 -13"><span class='ocrx_word' id='word_1_88' title='bbox 417 1708 513 1766; x_wconf 88' lang='lat' dir='ltr'><strong>est,</strong></span> <span class='ocrx_word' id='word_1_89' title='bbox 583 1704 634 1754; x_wconf 90' lang='lat' dir='ltr'><strong>in</strong></span> <span class='ocrx_word' id='word_1_90' title='bbox 692 1702 908 1768; x_wconf 89' lang='lat' dir='ltr'><strong>singulis</strong></span> <span class='ocrx_word' id='word_1_91' title='bbox 971 1702 1094 1753; x_wconf 90' lang='lat' dir='ltr'><strong>vicis</strong></span> <span class='ocrx_word' id='word_1_92' title='bbox 1152 1702 1250 1753; x_wconf 88' lang='lat' dir='ltr'><strong>hoc</strong></span> <span class='ocrx_word' id='word_1_93' title='bbox 1302 1716 1491 1753; x_wconf 89' lang='lat' dir='ltr'><strong>munus</strong></span> <span class='ocrx_word' id='word_1_94' title='bbox 1543 1702 1652 1753; x_wconf 92' lang='lat' dir='ltr'><strong>aliis</strong></span> <span class='ocrx_word' id='word_1_95' title='bbox 1704 1702 1944 1754; x_wconf 87' lang='lat' dir='ltr'><strong>mandare</strong></span> <span class='ocrx_word' id='word_1_96' title='bbox 1995 1702 2203 1755; x_wconf 85' lang='lat' dir='ltr'><strong>solebat.</strong></span> <span class='ocrx_word' id='word_1_97' title='bbox 2271 1702 2373 1756; x_wconf 88' lang='lat' dir='ltr'><strong>Sed</strong></span> 
     </span>
     <span class='ocr_line' id='line_1_14' title="bbox 414 1797 2376 1873; baseline 0 -22"><span class='ocrx_word' id='word_1_98' title='bbox 414 1816 533 1873; x_wconf 77' lang='lat' dir='ltr'><strong>curn</strong></span> <span class='ocrx_word' id='word_1_99' title='bbox 588 1804 731 1850; x_wconf 91' lang='lat' dir='ltr'><strong>antea</strong></span> <span class='ocrx_word' id='word_1_100' title='bbox 785 1798 1114 1864; x_wconf 85' lang='lat' dir='ltr'><strong>ignorabatur</strong></span> <span class='ocrx_word' id='word_1_101' title='bbox 1177 1797 1369 1863; x_wconf 90' lang='lat' dir='ltr'><strong>quibus</strong></span> <span class='ocrx_word' id='word_1_102' title='bbox 1433 1797 1483 1847; x_wconf 93' lang='lat' dir='ltr'><strong>id</strong></span> <span class='ocrx_word' id='word_1_103' title='bbox 1549 1798 1845 1864; x_wconf 89' lang='lat' dir='ltr'><strong>impositum</strong></span> <span class='ocrx_word' id='word_1_104' title='bbox 1911 1799 2061 1851; x_wconf 88' lang='lat' dir='ltr'><strong>fuerit</strong></span> <span class='ocrx_word' id='word_1_105' title='bbox 2093 1800 2162 1865; x_wconf 83' lang='lat'><strong>⁶),</strong></span> <span class='ocrx_word' id='word_1_106' title='bbox 2244 1799 2376 1852; x_wconf 88' lang='lat' dir='ltr'><strong>hanc</strong></span> 
     </span>
     <span class='ocr_line' id='line_1_15' title="bbox 418 1893 2374 1961; baseline 0.001 -14"><span class='ocrx_word' id='word_1_107' title='bbox 418 1913 524 1948; x_wconf 88' lang='lat' dir='ltr'><strong>rem</strong></span> <span class='ocrx_word' id='word_1_108' title='bbox 581 1911 713 1947; x_wconf 92' lang='lat' dir='ltr'><strong>nova</strong></span> <span class='ocrx_word' id='word_1_109' title='bbox 766 1896 876 1946; x_wconf 90' lang='lat' dir='ltr'><strong>luce</strong></span> <span class='ocrx_word' id='word_1_110' title='bbox 920 1894 1166 1945; x_wconf 90' lang='lat' dir='ltr'><strong>illustrare</strong></span> <span class='ocrx_word' id='word_1_111' title='bbox 1202 1893 1401 1945; x_wconf 92' lang='lat' dir='ltr'><strong>videtur</strong></span> <span class='ocrx_word' id='word_1_112' title='bbox 1437 1898 1607 1946; x_wconf 91' lang='lat' dir='ltr'><strong>nostra</strong></span> <span class='ocrx_word' id='word_1_113' title='bbox 1642 1909 1863 1961; x_wconf 84' lang='lat' dir='ltr'><strong>papyrus</strong></span> <span class='ocrx_word' id='word_1_114' title='bbox 1901 1895 2062 1961; x_wconf 78' lang='lat' dir='ltr'><strong>(Tebt.</strong></span> <span class='ocrx_word' id='word_1_115' title='bbox 2101 1897 2144 1960; x_wconf 91' lang='lat' dir='ltr'><strong>l,</strong></span> <span class='ocrx_word' id='word_1_116' title='bbox 2182 1897 2236 1959; x_wconf 88' lang='lat'><strong>5,</strong></span> <span class='ocrx_word' id='word_1_117' title='bbox 2280 1897 2374 1948; x_wconf 89' lang='lat'><strong>188</strong></span> 
     </span>
     <span class='ocr_line' id='line_1_16' title="bbox 414 1970 2400 2058; baseline -0.001 -13"><span class='ocrx_word' id='word_1_118' title='bbox 414 1994 572 2058; x_wconf 80' lang='lat' dir='ltr'><strong>sqq),</strong></span> <span class='ocrx_word' id='word_1_119' title='bbox 622 1991 760 2043; x_wconf 91' lang='lat' dir='ltr'><strong>unde</strong></span> <span class='ocrx_word' id='word_1_120' title='bbox 807 1991 1223 2057; x_wconf 86' lang='lat' dir='ltr'><strong>archiphylacitae</strong></span> <span class='ocrx_word' id='word_1_121' title='bbox 1279 1990 1770 2056; x_wconf 89' lang='lat' dir='ltr'><strong>phylacitarumque,</strong></span> <span class='ocrx_word' id='word_1_122' title='bbox 1833 1991 2025 2058; x_wconf 89' lang='lat' dir='ltr'><strong>quippe</strong></span> <span class='ocrx_word' id='word_1_123' title='bbox 2085 1992 2174 2058; x_wconf 91' lang='lat' dir='ltr'><strong>qui</strong></span> <span class='ocrx_word' id='word_1_124' title='bbox 2226 1970 2400 2044; x_wconf 74' lang='lat' dir='ltr'><strong>oeco-v</strong></span> 
     </span>
     <span class='ocr_line' id='line_1_17' title="bbox 419 2086 2374 2154; baseline 0 -14"><span class='ocrx_word' id='word_1_125' title='bbox 419 2105 577 2141; x_wconf 86' lang='lat' dir='ltr'><strong>nomo</strong></span> <span class='ocrx_word' id='word_1_126' title='bbox 621 2088 829 2140; x_wconf 91' lang='lat' dir='ltr'><strong>subiecti</strong></span> <span class='ocrx_word' id='word_1_127' title='bbox 875 2090 1042 2139; x_wconf 90' lang='lat' dir='ltr'><strong>essent</strong></span> <span class='ocrx_word' id='word_1_128' title='bbox 1076 2088 1143 2152; x_wconf 76' lang='lat'><strong>7),</strong></span> <span class='ocrx_word' id='word_1_129' title='bbox 1193 2086 1348 2137; x_wconf 85' lang='lat' dir='ltr'><strong>fuisse</strong></span> <span class='ocrx_word' id='word_1_130' title='bbox 1383 2091 1588 2152; x_wconf 87' lang='lat' dir='ltr'><strong>apparet</strong></span> <span class='ocrx_word' id='word_1_131' title='bbox 1623 2087 1862 2153; x_wconf 89' lang='lat' dir='ltr'><strong>pecunias</strong></span> <span class='ocrx_word' id='word_1_132' title='bbox 1897 2087 2125 2140; x_wconf 89' lang='lat' dir='ltr'><strong>residuas</strong></span> <span class='ocrx_word' id='word_1_133' title='bbox 2159 2088 2374 2154; x_wconf 88' lang='lat' dir='ltr'><strong>exigere.</strong></span> 
     </span>
    </p>
   </div>
   <div class='ocr_carea' id='block_1_5' title="bbox 419 2245 684 2253">
    <p class='ocr_par' dir='ltr' id='par_1_6' title="bbox 419 2245 684 2253">
     <span class='ocr_line' id='line_1_18' title="bbox 419 2245 684 2253; baseline 0 2159"><span class='ocrx_word' id='word_1_134' title='bbox 419 2245 684 2253; x_wconf 95' lang='lat' dir='ltr'><strong> </strong></span> 
     </span>
    </p>
   </div>
   <div class='ocr_carea' id='block_1_6' title="bbox 410 2337 2382 3794">
    <p class='ocr_par' dir='ltr' id='par_1_7' title="bbox 473 2337 1015 2390">
     <span class='ocr_line' id='line_1_19' title="bbox 473 2337 1015 2390; baseline -0.006 -12"><span class='ocrx_word' id='word_1_135' title='bbox 473 2340 508 2390; x_wconf 84' lang='grc'><strong>1)</strong></span> <span class='ocrx_word' id='word_1_136' title='bbox 566 2337 834 2378; x_wconf 73' lang='lat' dir='ltr'><strong>Actenstis‘cke</strong></span> <span class='ocrx_word' id='word_1_137' title='bbox 863 2337 922 2385; x_wconf 94' lang='lat' dir='ltr'><strong>ll,</strong></span> <span class='ocrx_word' id='word_1_138' title='bbox 957 2338 1015 2376; x_wconf 88' lang='lat'><strong>15.</strong></span> 
     </span>
    </p>

    <p class='ocr_par' dir='ltr' id='par_1_8' title="bbox 410 2412 2381 2859">
     <span class='ocr_line' id='line_1_20' title="bbox 472 2412 2379 2469; baseline -0.001 -12"><span class='ocrx_word' id='word_1_139' title='bbox 472 2417 508 2469; x_wconf 80' lang='grc'><strong>2)</strong></span> <span class='ocrx_word' id='word_1_140' title='bbox 565 2418 676 2466; x_wconf 74' lang='lat' dir='ltr'><strong>Pap.</strong></span> <span class='ocrx_word' id='word_1_141' title='bbox 721 2414 916 2467; x_wconf 82' lang='lat' dir='ltr'><strong>Grcnfell</strong></span> <span class='ocrx_word' id='word_1_142' title='bbox 954 2414 992 2462; x_wconf 92' lang='grc' dir='ltr'><strong>Ι,</strong></span> <span class='ocrx_word' id='word_1_143' title='bbox 1040 2416 1100 2453; x_wconf 91' lang='grc'><strong>11.</strong></span> <span class='ocrx_word' id='word_1_144' title='bbox 1162 2413 1226 2453; x_wconf 91' lang='lat' dir='ltr'><strong>De</strong></span> <span class='ocrx_word' id='word_1_145' title='bbox 1264 2425 1387 2454; x_wconf 89' lang='lat' dir='ltr'><strong>causa</strong></span> <span class='ocrx_word' id='word_1_146' title='bbox 1427 2414 1518 2463; x_wconf 90' lang='lat' dir='ltr'><strong>ipsa</strong></span> <span class='ocrx_word' id='word_1_147' title='bbox 1547 2413 1597 2453; x_wconf 84' lang='lat' dir='ltr'><strong>cf.</strong></span> <span class='ocrx_word' id='word_1_148' title='bbox 1629 2413 1774 2465; x_wconf 88' lang='lat' dir='ltr'><strong>papyri</strong></span> <span class='ocrx_word' id='word_1_149' title='bbox 1805 2412 2127 2464; x_wconf 84' lang='lat' dir='ltr'><strong>praefationem;</strong></span> <span class='ocrx_word' id='word_1_150' title='bbox 2167 2414 2379 2464; x_wconf 79' lang='lat' dir='ltr'><strong>praeterea</strong></span> 
     </span>
     <span class='ocr_line' id='line_1_21' title="bbox 415 2490 2374 2544; baseline -0.003 -7"><span class='ocrx_word' id='word_1_151' title='bbox 415 2496 586 2544; x_wconf 87' lang='lat' dir='ltr'><strong>Naber,</strong></span> <span class='ocrx_word' id='word_1_152' title='bbox 618 2494 773 2534; x_wconf 70' lang='lat' dir='ltr'><em>Archiv</em></span> <span class='ocrx_word' id='word_1_153' title='bbox 803 2493 839 2533; x_wconf 92' lang='lat' dir='ltr'><strong>II</strong></span> <span class='ocrx_word' id='word_1_154' title='bbox 870 2504 913 2543; x_wconf 90' lang='lat' dir='ltr'><strong>p.</strong></span> <span class='ocrx_word' id='word_1_155' title='bbox 943 2493 995 2533; x_wconf 89' lang='grc'><strong>38</strong></span> <span class='ocrx_word' id='word_1_156' title='bbox 1025 2504 1141 2543; x_wconf 85' lang='lat' dir='ltr'><strong>sqq.;</strong></span> <span class='ocrx_word' id='word_1_157' title='bbox 1172 2491 1351 2541; x_wconf 83' lang='lat' dir='ltr'><strong>Mitteis,</strong></span> <span class='ocrx_word' id='word_1_158' title='bbox 1383 2490 1721 2536; x_wconf 62' lang='lat' dir='ltr'><strong>Romantlstzlsclze</strong></span> <span class='ocrx_word' id='word_1_159' title='bbox 1756 2490 2122 2542; x_wconf 61' lang='lat' dir='ltr'><strong>Papyrusstadien</strong></span> <span class='ocrx_word' id='word_1_160' title='bbox 2161 2490 2374 2542; x_wconf 52' lang='lat' dir='ltr'><strong>(Zeti-sehr.</strong></span> 
     </span>
     <span class='ocr_line' id='line_1_22' title="bbox 410 2569 2381 2624; baseline 0.001 -14"><span class='ocrx_word' id='word_1_161' title='bbox 410 2576 494 2615; x_wconf 74' lang='lat' dir='ltr'><strong>‚der</strong></span> <span class='ocrx_word' id='word_1_162' title='bbox 528 2571 938 2624; x_wconf 74' lang='lat' dir='ltr'><strong>Savigny-Stzftung</strong></span> <span class='ocrx_word' id='word_1_163' title='bbox 958 2571 1043 2621; x_wconf 81' lang='lat' dir='ltr'><strong>fiir</strong></span> <span class='ocrx_word' id='word_1_164' title='bbox 1078 2570 1364 2621; x_wconf 72' lang='lat' dir='ltr'><strong>Rechtsgesch.</strong></span> <span class='ocrx_word' id='word_1_165' title='bbox 1410 2570 1542 2610; x_wconf 82' lang='lat' dir='ltr'>XXIII</span> <span class='ocrx_word' id='word_1_166' title='bbox 1573 2569 1709 2620; x_wconf 86' lang='lat'><strong>(1902)</strong></span> <span class='ocrx_word' id='word_1_167' title='bbox 1738 2581 1779 2620; x_wconf 88' lang='lat' dir='ltr'><strong>p.</strong></span> <span class='ocrx_word' id='word_1_168' title='bbox 1810 2571 1887 2609; x_wconf 85' lang='lat'><strong>274</strong></span> <span class='ocrx_word' id='word_1_169' title='bbox 1917 2569 2040 2621; x_wconf 81' lang='lat' dir='ltr'><strong>sqq.).</strong></span> <span class='ocrx_word' id='word_1_170' title='bbox 2080 2592 2109 2600; x_wconf 83' lang='lat'>—</span> <span class='ocrx_word' id='word_1_171' title='bbox 2161 2569 2381 2612; x_wconf 69' lang='lat' dir='ltr'><strong>Possoesor</strong></span> 
     </span>
     <span class='ocr_line' id='line_1_23' title="bbox 418 2644 2377 2703; baseline -0.002 -11"><span class='ocrx_word' id='word_1_172' title='bbox 418 2652 634 2703; x_wconf 87' lang='lat' dir='ltr'><strong>praedium</strong></span> <span class='ocrx_word' id='word_1_173' title='bbox 674 2662 722 2690; x_wconf 86' lang='lat' dir='ltr'><strong>ex</strong></span> <span class='ocrx_word' id='word_1_174' title='bbox 759 2647 993 2703; x_wconf 77' lang='grc' dir='ltr'><em>βασιλικῆς</em></span> <span class='ocrx_word' id='word_1_175' title='bbox 1032 2652 1111 2702; x_wconf 85' lang='grc' dir='ltr'><strong>γῆς</strong></span> <span class='ocrx_word' id='word_1_176' title='bbox 1153 2647 1400 2689; x_wconf 83' lang='lat' dir='ltr'><strong>conduxisse</strong></span> <span class='ocrx_word' id='word_1_177' title='bbox 1428 2648 1613 2688; x_wconf 85' lang='lat' dir='ltr'><strong>videtur:</strong></span> <span class='ocrx_word' id='word_1_178' title='bbox 1654 2645 1860 2701; x_wconf 77' lang='grc' dir='ltr'><em>ἐφαίνετο</em></span> <span class='ocrx_word' id='word_1_179' title='bbox 1899 2644 1973 2688; x_wconf 82' lang='grc' dir='ltr'><strong>τὸν</strong></span> <span class='ocrx_word' id='word_1_180' title='bbox 2000 2646 2175 2689; x_wconf 66' lang='lat' dir='ltr'><strong>Haran-</strong></span> <span class='ocrx_word' id='word_1_181' title='bbox 2202 2645 2377 2702; x_wconf 76' lang='grc' dir='ltr'><strong><em>κυρίως</em></strong></span> 
     </span>
     <span class='ocr_line' id='line_1_24' title="bbox 418 2722 2377 2783; baseline -0.002 -12"><span class='ocrx_word' id='word_1_182' title='bbox 418 2729 533 2783; x_wconf 76' lang='grc' dir='ltr'><em>ἔχειν</em></span> <span class='ocrx_word' id='word_1_183' title='bbox 582 2726 659 2782; x_wconf 85' lang='grc' dir='ltr'><strong>τὴν</strong></span> <span class='ocrx_word' id='word_1_184' title='bbox 698 2731 779 2781; x_wconf 79' lang='grc' dir='ltr'><strong>γῆν</strong></span> <span class='ocrx_word' id='word_1_185' title='bbox 821 2724 928 2768; x_wconf 74' lang='grc' dir='ltr'><em>καθ’</em></span> <span class='ocrx_word' id='word_1_186' title='bbox 978 2724 1032 2780; x_wconf 85' lang='grc' dir='ltr'><strong>ἣν</strong></span> <span class='ocrx_word' id='word_1_187' title='bbox 1081 2723 1249 2779; x_wconf 74' lang='grc' dir='ltr'><strong><em>ἐώνητο</em></strong></span> <span class='ocrx_word' id='word_1_188' title='bbox 1289 2723 1340 2765; x_wconf 80' lang='grc' dir='ltr'><strong>ἐκ</strong></span> <span class='ocrx_word' id='word_1_189' title='bbox 1383 2729 1457 2766; x_wconf 78' lang='grc' dir='ltr'><strong>τοῦ</strong></span> <span class='ocrx_word' id='word_1_190' title='bbox 1497 2723 1729 2778; x_wconf 82' lang='grc' dir='ltr'><em>βασιλικοῦ</em></span> <span class='ocrx_word' id='word_1_191' title='bbox 1784 2728 1818 2773; x_wconf 91' lang='grc'><strong>&lt;.</strong></span> <span class='ocrx_word' id='word_1_192' title='bbox 1850 2756 1858 2764; x_wconf 93' lang='grc'><strong>.</strong></span> <span class='ocrx_word' id='word_1_193' title='bbox 1889 2756 1897 2764; x_wconf 92' lang='grc'><strong>.</strong></span> <span class='ocrx_word' id='word_1_194' title='bbox 1928 2756 1937 2765; x_wconf 91' lang='grc'><strong>.</strong></span> <span class='ocrx_word' id='word_1_195' title='bbox 1963 2755 1971 2765; x_wconf 90' lang='grc'><strong>.</strong></span> <span class='ocrx_word' id='word_1_196' title='bbox 1997 2756 2006 2765; x_wconf 92' lang='grc'><em>.</em></span> <span class='ocrx_word' id='word_1_197' title='bbox 2037 2728 2073 2774; x_wconf 90' lang='grc'><strong>.&gt;</strong></span> <span class='ocrx_word' id='word_1_198' title='bbox 2123 2722 2377 2780; x_wconf 79' lang='grc' dir='ltr'><em>διαγραφήν</em></span> 
     </span>
     <span class='ocr_line' id='line_1_25' title="bbox 413 2806 734 2859; baseline -0.012 -10"><span class='ocrx_word' id='word_1_199' title='bbox 413 2808 527 2859; x_wconf 74' lang='lat' dir='ltr'><strong>(Col.</strong></span> <span class='ocrx_word' id='word_1_200' title='bbox 563 2808 623 2856; x_wconf 93' lang='lat' dir='ltr'><strong>II,</strong></span> <span class='ocrx_word' id='word_1_201' title='bbox 655 2806 734 2857; x_wconf 86' lang='lat'><strong>28).</strong></span> 
     </span>
    </p>

    <p class='ocr_par' dir='ltr' id='par_1_9' title="bbox 473 2885 812 2936">
     <span class='ocr_line' id='line_1_26' title="bbox 473 2885 812 2936; baseline -0.006 -12"><span class='ocrx_word' id='word_1_202' title='bbox 473 2886 508 2936; x_wconf 83' lang='lat'><strong>3)</strong></span> <span class='ocrx_word' id='word_1_203' title='bbox 568 2885 611 2924; x_wconf 77' lang='grc' dir='ltr'><strong>Ι).</strong></span> <span class='ocrx_word' id='word_1_204' title='bbox 641 2886 687 2924; x_wconf 90' lang='grc'><strong>21</strong></span> <span class='ocrx_word' id='word_1_205' title='bbox 721 2895 812 2934; x_wconf 88' lang='lat' dir='ltr'><strong>sqq.</strong></span> 
     </span>
    </p>

    <p class='ocr_par' dir='ltr' id='par_1_10' title="bbox 474 2958 2374 3014">
     <span class='ocr_line' id='line_1_27' title="bbox 474 2958 2374 3014; baseline -0.002 -11"><span class='ocrx_word' id='word_1_206' title='bbox 474 2963 509 3014; x_wconf 86' lang='lat'><strong>4)</strong></span> <span class='ocrx_word' id='word_1_207' title='bbox 566 2963 633 3003; x_wconf 78' lang='lat' dir='ltr'><strong>Cf.</strong></span> <span class='ocrx_word' id='word_1_208' title='bbox 666 2962 873 3011; x_wconf 84' lang='lat' dir='ltr'><strong>Wilcken,</strong></span> <span class='ocrx_word' id='word_1_209' title='bbox 904 2960 990 3000; x_wconf 86' lang='lat' dir='ltr'><strong>Die</strong></span> <span class='ocrx_word' id='word_1_210' title='bbox 1015 2959 1378 3009; x_wconf 77' lang='lat' dir='ltr'><strong>Steuererlzebang</strong></span> <span class='ocrx_word' id='word_1_211' title='bbox 1401 2960 1446 2999; x_wconf 82' lang='lat' dir='ltr'><strong>in</strong></span> <span class='ocrx_word' id='word_1_212' title='bbox 1476 2960 1552 2999; x_wconf 82' lang='lat' dir='ltr'><strong>der</strong></span> <span class='ocrx_word' id='word_1_213' title='bbox 1578 2959 1920 2999; x_wconf 50' lang='lat' dir='ltr'><strong>Ptolemaeei-zet?</strong></span> <span class='ocrx_word' id='word_1_214' title='bbox 1941 2958 2012 3010; x_wconf 80' lang='lat' dir='ltr'><strong>(G.</strong></span> <span class='ocrx_word' id='word_1_215' title='bbox 2033 2958 2084 3000; x_wconf 93' lang='grc' dir='ltr'><strong>Ο.</strong></span> <span class='ocrx_word' id='word_1_216' title='bbox 2101 2970 2142 3009; x_wconf 92' lang='lat' dir='ltr'><strong>p.</strong></span> <span class='ocrx_word' id='word_1_217' title='bbox 2160 2960 2237 3000; x_wconf 87' lang='lat'><strong>555</strong></span> <span class='ocrx_word' id='word_1_218' title='bbox 2252 2960 2374 3011; x_wconf 87' lang='lat' dir='ltr'><strong>sqq.).</strong></span> 
     </span>
    </p>

    <p class='ocr_par' dir='ltr' id='par_1_11' title="bbox 474 3037 2127 3092">
     <span class='ocr_line' id='line_1_28' title="bbox 474 3037 2127 3092; baseline -0.002 -12"><span class='ocrx_word' id='word_1_219' title='bbox 474 3041 509 3092; x_wconf 73' lang='lat'><strong>5)</strong></span> <span class='ocrx_word' id='word_1_220' title='bbox 567 3040 659 3080; x_wconf 90' lang='lat' dir='ltr'><strong>Col.</strong></span> <span class='ocrx_word' id='word_1_221' title='bbox 695 3041 763 3089; x_wconf 84' lang='lat'><strong>18,</strong></span> <span class='ocrx_word' id='word_1_222' title='bbox 799 3041 868 3087; x_wconf 89' lang='lat'><strong>17;</strong></span> <span class='ocrx_word' id='word_1_223' title='bbox 903 3040 971 3087; x_wconf 77' lang='lat'><strong>19,</strong></span> <span class='ocrx_word' id='word_1_224' title='bbox 1006 3040 1075 3086; x_wconf 88' lang='lat'><strong>11;</strong></span> <span class='ocrx_word' id='word_1_225' title='bbox 1108 3039 1229 3087; x_wconf 88' lang='lat'><strong>22,5;</strong></span> <span class='ocrx_word' id='word_1_226' title='bbox 1260 3038 1333 3085; x_wconf 86' lang='lat'><strong>31,</strong></span> <span class='ocrx_word' id='word_1_227' title='bbox 1370 3039 1439 3085; x_wconf 82' lang='lat'><strong>14;</strong></span> <span class='ocrx_word' id='word_1_228' title='bbox 1471 3037 1524 3077; x_wconf 81' lang='lat' dir='ltr'><strong>cf.</strong></span> <span class='ocrx_word' id='word_1_229' title='bbox 1556 3037 1740 3077; x_wconf 89' lang='lat' dir='ltr'><strong>Wilcken</strong></span> <span class='ocrx_word' id='word_1_230' title='bbox 1771 3037 1798 3076; x_wconf 89' lang='lat' dir='ltr'><strong>l.</strong></span> <span class='ocrx_word' id='word_1_231' title='bbox 1829 3037 1855 3076; x_wconf 91' lang='lat' dir='ltr'><strong>l.</strong></span> <span class='ocrx_word' id='word_1_232' title='bbox 1888 3048 1928 3087; x_wconf 92' lang='lat' dir='ltr'><strong>p.</strong></span> <span class='ocrx_word' id='word_1_233' title='bbox 1960 3037 2037 3077; x_wconf 79' lang='lat'><strong>562</strong></span> <span class='ocrx_word' id='word_1_234' title='bbox 2066 3047 2127 3088; x_wconf 89' lang='lat' dir='ltr'><strong>sq.</strong></span> 
     </span>
    </p>

    <p class='ocr_par' dir='ltr' id='par_1_12' title="bbox 413 3114 2382 3243">
     <span class='ocr_line' id='line_1_29' title="bbox 474 3114 2382 3170; baseline -0.001 -12"><span class='ocrx_word' id='word_1_235' title='bbox 474 3119 510 3170; x_wconf 83' lang='grc'><strong>6)</strong></span> <span class='ocrx_word' id='word_1_236' title='bbox 567 3118 633 3158; x_wconf 78' lang='lat' dir='ltr'><strong>Cf.</strong></span> <span class='ocrx_word' id='word_1_237' title='bbox 666 3117 874 3166; x_wconf 88' lang='lat' dir='ltr'><strong>Wilcken,</strong></span> <span class='ocrx_word' id='word_1_238' title='bbox 918 3116 970 3156; x_wconf 78' lang='lat' dir='ltr'><strong>G.</strong></span> <span class='ocrx_word' id='word_1_239' title='bbox 1006 3116 1056 3157; x_wconf 91' lang='grc' dir='ltr'><strong>Ο.</strong></span> <span class='ocrx_word' id='word_1_240' title='bbox 1089 3128 1128 3166; x_wconf 90' lang='lat' dir='ltr'><strong>p.</strong></span> <span class='ocrx_word' id='word_1_241' title='bbox 1161 3117 1261 3164; x_wconf 81' lang='lat'><strong>567,</strong></span> <span class='ocrx_word' id='word_1_242' title='bbox 1290 3116 1361 3154; x_wconf 91' lang='lat' dir='ltr'><strong>ubi</strong></span> <span class='ocrx_word' id='word_1_243' title='bbox 1402 3116 1602 3165; x_wconf 85' lang='lat' dir='ltr'><strong>legimus:</strong></span> <span class='ocrx_word' id='word_1_244' title='bbox 1647 3115 1810 3163; x_wconf 81' lang='lat' dir='ltr'><strong>„Ueber</strong></span> <span class='ocrx_word' id='word_1_245' title='bbox 1843 3114 1912 3154; x_wconf 82' lang='lat' dir='ltr'><strong>die</strong></span> <span class='ocrx_word' id='word_1_246' title='bbox 1937 3114 2271 3165; x_wconf 77' lang='lat' dir='ltr'><strong>Zwangsmiitel,</strong></span> <span class='ocrx_word' id='word_1_247' title='bbox 2310 3115 2382 3156; x_wconf 80' lang='lat' dir='ltr'><strong>die</strong></span> 
     </span>
     <span class='ocr_line' id='line_1_30' title="bbox 413 3191 2250 3243; baseline -0.003 -6"><span class='ocrx_word' id='word_1_248' title='bbox 413 3199 511 3238; x_wconf 78' lang='lat' dir='ltr'><strong>dem</strong></span> <span class='ocrx_word' id='word_1_249' title='bbox 543 3195 727 3236; x_wconf 81' lang='lat' dir='ltr'><strong>Erlzeber</strong></span> <span class='ocrx_word' id='word_1_250' title='bbox 752 3206 807 3234; x_wconf 80' lang='lat' dir='ltr'><strong>zu</strong></span> <span class='ocrx_word' id='word_1_251' title='bbox 839 3194 999 3234; x_wconf 80' lang='lat' dir='ltr'><strong>Gebote</strong></span> <span class='ocrx_word' id='word_1_252' title='bbox 1023 3193 1225 3242; x_wconf 81' lang='lat' dir='ltr'><strong>standen,</strong></span> <span class='ocrx_word' id='word_1_253' title='bbox 1257 3193 1358 3232; x_wconf 82' lang='lat' dir='ltr'><strong>sind</strong></span> <span class='ocrx_word' id='word_1_254' title='bbox 1387 3193 1462 3232; x_wconf 81' lang='lat' dir='ltr'><strong>wir</strong></span> <span class='ocrx_word' id='word_1_255' title='bbox 1487 3204 1574 3232; x_wconf 81' lang='lat' dir='ltr'><strong>nur</strong></span> <span class='ocrx_word' id='word_1_256' title='bbox 1600 3192 1920 3243; x_wconf 63' lang='lat' dir='ltr'><strong>unvollstdndig</strong></span> <span class='ocrx_word' id='word_1_257' title='bbox 1945 3191 2250 3232; x_wconf 79' lang='lat' dir='ltr'><strong>unterticlztet.”</strong></span> 
     </span>
    </p>

    <p class='ocr_par' dir='ltr' id='par_1_13' title="bbox 419 3267 2376 3404">
     <span class='ocr_line' id='line_1_31' title="bbox 475 3267 2376 3326; baseline -0.003 -11"><span class='ocrx_word' id='word_1_258' title='bbox 475 3274 510 3326; x_wconf 83' lang='lat'><strong>7)</strong></span> <span class='ocrx_word' id='word_1_259' title='bbox 566 3274 700 3324; x_wconf 86' lang='lat' dir='ltr'><strong>Supra</strong></span> <span class='ocrx_word' id='word_1_260' title='bbox 743 3274 799 3324; x_wconf 91' lang='lat' dir='ltr'><strong>(p.</strong></span> <span class='ocrx_word' id='word_1_261' title='bbox 831 3272 897 3323; x_wconf 86' lang='lat'><strong>73)</strong></span> <span class='ocrx_word' id='word_1_262' title='bbox 941 3271 1307 3323; x_wconf 87' lang='lat' dir='ltr'><strong>archiphylacitam</strong></span> <span class='ocrx_word' id='word_1_263' title='bbox 1352 3274 1414 3323; x_wconf 80' lang='grc' dir='ltr'><strong>τῷ</strong></span> <span class='ocrx_word' id='word_1_264' title='bbox 1457 3267 1528 3311; x_wconf 80' lang='grc' dir='ltr'><strong>ἐπὶ</strong></span> <span class='ocrx_word' id='word_1_265' title='bbox 1573 3273 1662 3310; x_wconf 82' lang='grc' dir='ltr'><strong>τῶν</strong></span> <span class='ocrx_word' id='word_1_266' title='bbox 1705 3268 1942 3323; x_wconf 80' lang='grc' dir='ltr'><em>προσόδων</em></span> <span class='ocrx_word' id='word_1_267' title='bbox 1978 3270 2209 3311; x_wconf 83' lang='lat' dir='ltr'><strong>subiectum</strong></span> <span class='ocrx_word' id='word_1_268' title='bbox 2249 3269 2376 3311; x_wconf 83' lang='lat' dir='ltr'><strong>fuisse</strong></span> 
     </span>
     <span class='ocr_line' id='line_1_32' title="bbox 419 3347 2069 3404; baseline -0.004 -11"><span class='ocrx_word' id='word_1_269' title='bbox 419 3353 707 3404; x_wconf 84' lang='lat' dir='ltr'><strong>exposuimus;</strong></span> <span class='ocrx_word' id='word_1_270' title='bbox 741 3351 852 3391; x_wconf 89' lang='lat' dir='ltr'><strong>unde</strong></span> <span class='ocrx_word' id='word_1_271' title='bbox 881 3361 1114 3390; x_wconf 89' lang='lat' dir='ltr'><strong>oeconomo</strong></span> <span class='ocrx_word' id='word_1_272' title='bbox 1144 3360 1313 3399; x_wconf 91' lang='lat' dir='ltr'><strong>quoque</strong></span> <span class='ocrx_word' id='word_1_273' title='bbox 1342 3348 1574 3388; x_wconf 87' lang='lat' dir='ltr'><strong>subiectum</strong></span> <span class='ocrx_word' id='word_1_274' title='bbox 1605 3359 1700 3387; x_wconf 89' lang='lat' dir='ltr'><strong>eum</strong></span> <span class='ocrx_word' id='word_1_275' title='bbox 1730 3347 1858 3387; x_wconf 83' lang='lat' dir='ltr'><strong>fuisse</strong></span> <span class='ocrx_word' id='word_1_276' title='bbox 1886 3349 2069 3398; x_wconf 80' lang='lat' dir='ltr'><strong>apparet.</strong></span> 
     </span>
    </p>

    <p class='ocr_par' dir='ltr' id='par_1_14' title="bbox 418 3425 2378 3794">
     <span class='ocr_line' id='line_1_33' title="bbox 476 3425 2378 3479; baseline -0.003 -8"><span class='ocrx_word' id='word_1_277' title='bbox 476 3430 543 3472; x_wconf 85' lang='lat' dir='ltr'><strong>Cf.</strong></span> <span class='ocrx_word' id='word_1_278' title='bbox 589 3431 640 3470; x_wconf 92' lang='lat' dir='ltr'><strong>P.</strong></span> <span class='ocrx_word' id='word_1_279' title='bbox 684 3430 736 3470; x_wconf 95' lang='lat' dir='ltr'><strong>P.</strong></span> <span class='ocrx_word' id='word_1_280' title='bbox 778 3429 835 3477; x_wconf 92' lang='lat' dir='ltr'><strong>Il,</strong></span> <span class='ocrx_word' id='word_1_281' title='bbox 880 3430 931 3468; x_wconf 87' lang='grc'><strong>20</strong></span> <span class='ocrx_word' id='word_1_282' title='bbox 970 3429 1091 3479; x_wconf 85' lang='lat' dir='ltr'><strong>(corr.</strong></span> <span class='ocrx_word' id='word_1_283' title='bbox 1137 3427 1191 3466; x_wconf 88' lang='lat'><strong>111</strong></span> <span class='ocrx_word' id='word_1_284' title='bbox 1233 3438 1274 3477; x_wconf 91' lang='lat' dir='ltr'><strong>p.</strong></span> <span class='ocrx_word' id='word_1_285' title='bbox 1316 3426 1405 3477; x_wconf 81' lang='lat'><strong>76),</strong></span> <span class='ocrx_word' id='word_1_286' title='bbox 1450 3426 1521 3467; x_wconf 87' lang='lat' dir='ltr'><strong>ubi</strong></span> <span class='ocrx_word' id='word_1_287' title='bbox 1552 3436 1808 3466; x_wconf 89' lang='lat' dir='ltr'><strong>oeconomus</strong></span> <span class='ocrx_word' id='word_1_288' title='bbox 1837 3425 2203 3477; x_wconf 82' lang='lat' dir='ltr'><strong>archiphylacitam</strong></span> <span class='ocrx_word' id='word_1_289' title='bbox 2233 3427 2378 3476; x_wconf 79' lang='lat' dir='ltr'><strong>captos</strong></span> 
     </span>
     <span class='ocr_line' id='line_1_34' title="bbox 421 3503 2374 3560; baseline -0.003 -11"><span class='ocrx_word' id='word_1_290' title='bbox 421 3509 625 3560; x_wconf 89' lang='lat' dir='ltr'><strong>quosdam</strong></span> <span class='ocrx_word' id='word_1_291' title='bbox 656 3520 677 3547; x_wconf 90' lang='lat' dir='ltr'><strong>e</strong></span> <span class='ocrx_word' id='word_1_292' title='bbox 704 3507 883 3548; x_wconf 88' lang='lat' dir='ltr'><strong>vinculis</strong></span> <span class='ocrx_word' id='word_1_293' title='bbox 911 3507 1118 3547; x_wconf 89' lang='lat' dir='ltr'><strong>abducere</strong></span> <span class='ocrx_word' id='word_1_294' title='bbox 1148 3505 1275 3545; x_wconf 85' lang='lat' dir='ltr'><strong>iubet.</strong></span> <span class='ocrx_word' id='word_1_295' title='bbox 1317 3528 1349 3532; x_wconf 39' lang='grc' dir='ltr'><em>κ</em></span> <span class='ocrx_word' id='word_1_296' title='bbox 1390 3504 1545 3544; x_wconf 90' lang='lat' dir='ltr'><strong>Iniuria</strong></span> <span class='ocrx_word' id='word_1_297' title='bbox 1574 3504 1668 3544; x_wconf 89' lang='lat' dir='ltr'><strong>edd.</strong></span> <span class='ocrx_word' id='word_1_298' title='bbox 1700 3504 1810 3555; x_wconf 81' lang='lat' dir='ltr'><strong>Pap.</strong></span> <span class='ocrx_word' id='word_1_299' title='bbox 1848 3503 1958 3544; x_wconf 79' lang='lat' dir='ltr'><strong>Tebt.</strong></span> <span class='ocrx_word' id='word_1_300' title='bbox 1989 3504 2047 3555; x_wconf 88' lang='lat' dir='ltr'><strong>(in</strong></span> <span class='ocrx_word' id='word_1_301' title='bbox 2077 3503 2219 3544; x_wconf 85' lang='lat' dir='ltr'><strong>adnot.</strong></span> <span class='ocrx_word' id='word_1_302' title='bbox 2249 3503 2304 3544; x_wconf 86' lang='lat' dir='ltr'><strong>ad</strong></span> <span class='ocrx_word' id='word_1_303' title='bbox 2334 3503 2374 3553; x_wconf 92' lang='lat' dir='ltr'><strong>I,</strong></span> 
     </span>
     <span class='ocr_line' id='line_1_35' title="bbox 421 3578 2376 3636; baseline -0.003 -9"><span class='ocrx_word' id='word_1_304' title='bbox 421 3590 468 3635; x_wconf 83' lang='lat'><strong>5,</strong></span> <span class='ocrx_word' id='word_1_305' title='bbox 513 3586 602 3636; x_wconf 84' lang='lat'><strong>159)</strong></span> <span class='ocrx_word' id='word_1_306' title='bbox 640 3588 679 3625; x_wconf 84' lang='lat' dir='ltr'><strong>et</strong></span> <span class='ocrx_word' id='word_1_307' title='bbox 720 3583 1107 3634; x_wconf 78' lang='lat' dir='ltr'><strong>Bouche-Leclercq</strong></span> <span class='ocrx_word' id='word_1_308' title='bbox 1147 3583 1274 3634; x_wconf 76' lang='lat' dir='ltr'><strong>(Hc‘st.</strong></span> <span class='ocrx_word' id='word_1_309' title='bbox 1306 3583 1347 3622; x_wconf 86' lang='lat' dir='ltr'><strong>d.</strong></span> <span class='ocrx_word' id='word_1_310' title='bbox 1379 3583 1482 3633; x_wconf 82' lang='lat' dir='ltr'><strong>Lag.</strong></span> <span class='ocrx_word' id='word_1_311' title='bbox 1516 3583 1570 3622; x_wconf 93' lang='lat' dir='ltr'><strong>IV</strong></span> <span class='ocrx_word' id='word_1_312' title='bbox 1600 3594 1641 3632; x_wconf 89' lang='lat' dir='ltr'><strong>p.</strong></span> <span class='ocrx_word' id='word_1_313' title='bbox 1673 3583 1718 3622; x_wconf 80' lang='lat'><strong>61</strong></span> <span class='ocrx_word' id='word_1_314' title='bbox 1761 3606 1794 3610; x_wconf 90' lang='lat'>—</span> <span class='ocrx_word' id='word_1_315' title='bbox 1833 3582 1886 3621; x_wconf 84' lang='lat' dir='ltr'><strong>ils</strong></span> <span class='ocrx_word' id='word_1_316' title='bbox 1914 3582 1985 3633; x_wconf 91' lang='lat' dir='ltr'><strong>(sc.</strong></span> <span class='ocrx_word' id='word_1_317' title='bbox 2015 3578 2376 3635; x_wconf 78' lang='grc' dir='ltr'><em>ἅρχιφυλακῒται)</em></span> 
     </span>
     <span class='ocr_line' id='line_1_36' title="bbox 419 3646 2378 3713; baseline -0.002 -10"><span class='ocrx_word' id='word_1_318' title='bbox 419 3666 519 3704; x_wconf 83' lang='lat' dir='ltr'><strong>sont</strong></span> <span class='ocrx_word' id='word_1_319' title='bbox 544 3664 602 3703; x_wconf 80' lang='lat' dir='ltr'><strong>les</strong></span> <span class='ocrx_word' id='word_1_320' title='bbox 630 3663 874 3703; x_wconf 79' lang='lat' dir='ltr'><strong>auxiliaires</strong></span> <span class='ocrx_word' id='word_1_321' title='bbox 901 3664 942 3702; x_wconf 81' lang='lat' dir='ltr'><strong>et</strong></span> <span class='ocrx_word' id='word_1_322' title='bbox 962 3662 1130 3713; x_wconf 76' lang='lat' dir='ltr'><strong>patfois</strong></span> <span class='ocrx_word' id='word_1_323' title='bbox 1159 3662 1217 3701; x_wconf 84' lang='lat' dir='ltr'><strong>les</strong></span> <span class='ocrx_word' id='word_1_324' title='bbox 1244 3660 1490 3712; x_wconf 63' lang='lat' dir='ltr'><strong>suppleants</strong></span> <span class='ocrx_word' id='word_1_325' title='bbox 1518 3660 1572 3700; x_wconf 83' lang='lat' dir='ltr'><strong>de</strong></span> <span class='ocrx_word' id='word_1_326' title='bbox 1597 3659 1832 3711; x_wconf 62' lang='lat' dir='ltr'><strong>l’efconome)</strong></span> <span class='ocrx_word' id='word_1_327' title='bbox 1861 3660 2023 3710; x_wconf 88' lang='lat' dir='ltr'><strong>opinari</strong></span> <span class='ocrx_word' id='word_1_328' title='bbox 2054 3646 2156 3700; x_wconf 83' lang='lat' dir='ltr'><strong>mihi</strong></span> <span class='ocrx_word' id='word_1_329' title='bbox 2183 3659 2378 3700; x_wconf 82' lang='lat' dir='ltr'><strong>videntur</strong></span> 
     </span>
     <span class='ocr_line' id='line_1_37' title="bbox 418 3735 2377 3794; baseline -0.003 -12"><span class='ocrx_word' id='word_1_330' title='bbox 418 3753 592 3782; x_wconf 80' lang='lat' dir='ltr'><strong>munera</strong></span> <span class='ocrx_word' id='word_1_331' title='bbox 622 3739 863 3794; x_wconf 82' lang='grc' dir='ltr'><strong><em>οἴκονόμου</em></strong></span> <span class='ocrx_word' id='word_1_332' title='bbox 894 3742 934 3781; x_wconf 88' lang='lat' dir='ltr'><strong>et</strong></span> <span class='ocrx_word' id='word_1_333' title='bbox 962 3737 1316 3793; x_wconf 79' lang='grc' dir='ltr'><em>ἄρχιφυλακίτου</em></span> <span class='ocrx_word' id='word_1_334' title='bbox 1348 3738 1471 3779; x_wconf 86' lang='lat' dir='ltr'><strong>simul</strong></span> <span class='ocrx_word' id='word_1_335' title='bbox 1502 3737 1555 3779; x_wconf 90' lang='lat' dir='ltr'><strong>ab</strong></span> <span class='ocrx_word' id='word_1_336' title='bbox 1586 3749 1671 3778; x_wconf 89' lang='lat' dir='ltr'><strong>uno</strong></span> <span class='ocrx_word' id='word_1_337' title='bbox 1699 3738 1790 3778; x_wconf 92' lang='lat' dir='ltr'><strong>viro</strong></span> <span class='ocrx_word' id='word_1_338' title='bbox 1818 3737 1906 3788; x_wconf 85' lang='lat' dir='ltr'><strong>geri</strong></span> <span class='ocrx_word' id='word_1_339' title='bbox 1936 3737 2134 3788; x_wconf 86' lang='lat' dir='ltr'><strong>potuisse.</strong></span> <span class='ocrx_word' id='word_1_340' title='bbox 2178 3735 2377 3778; x_wconf 83' lang='lat' dir='ltr'><strong>Oecono-</strong></span> 
     </span>
    </p>
   </div>
  </div>
 </body>
</html>
