2612 4412
1140 406 1198 456 19

809 644 854 693 2.
923 642 1008 693 De
1041 641 1262 692 muneris
1295 644 1524 707 tempore.

250 835 524 888 Mandatur
559 850 748 887 munus
782 838 963 886 statum
1001 838 1192 886 tantum
1232 835 1281 885 in
1320 838 1544 900 tempus;
1593 850 1699 900 quo
1734 835 1986 901 completo
2023 851 2140 901 pro-

181 932 447 999 rogatione
480 947 614 999 opus
647 934 734 984 est.
781 932 1026 983 Menches
1059 931 1195 982 enim
1234 931 1315 982 ille
1351 931 1402 981 in
1439 930 1650 996 epistola
1683 931 1878 982 scribit:

249 1025 414 1094 Παρὰ
433 1026 731 1095 Μεγχείους
746 1027 1267 1093 κωμογραμματέως
1285 1025 1578 1093 Κερκεοσιρ
1583 1026 1616 1094 [
1612 1026 1664 1094 ε’]
1670 1046 1747 1084 ως
1766 1068 1776 1078 .
1797 1028 2141 1085 κατασταθεὶς

179 1122 318 1190 πρὸς
363 1121 502 1191 [τ]ῆι
545 1122 1047 1191 προυπαρχούσηβ]
1095 1142 1188 1189 μοι
1234 1124 1756 1189 κωμογραμματείας
1804 1125 1936 1190 (lege
1970 1126 2138 1191 -αι),

182 1220 349 1273 δώσω
385 1221 440 1272 ἒν
469 1225 548 1287 τῆι
576 1220 758 1286 κώμηι
786 1225 962 1285 πυροῦ
992 1219 1090 1286 μὲν
1115 1218 1410 1286 ἀρ[τά]βας
1437 1240 1466 1271 ν
1490 1220 1595 1271 κτλ.
1614 1223 1682 1286 1),
1719 1221 1963 1287 promittit
1989 1222 2141 1287 igitur

180 1317 684 1385 κωμογραμματεύς
717 1318 1034 1382 congiarium
1071 1332 1125 1369 se
1159 1317 1396 1368 daturum
1433 1332 1543 1369 esse
1577 1317 1618 1369 si
1656 1333 1833 1370 rursus
1866 1323 2075 1370 creatur.

248 1416 349 1470 Sed
395 1420 522 1483 quot
565 1416 630 1468 ad
677 1431 841 1468 annos
887 1417 1072 1468 creatio
1117 1416 1360 1481 pertineat
1394 1432 1455 1467 ex
1491 1416 1695 1482 papyris
1730 1417 1898 1468 adhuc
1933 1419 2140 1484 repertis

181 1526 287 1566 non
321 1515 540 1580 apparet.
566 1522 568 1525 ·

248 1609 460 1667 Constat
507 1609 654 1661 alicui
709 1609 856 1660 licere
903 1624 993 1675 per
1038 1609 1209 1675 plures
1254 1623 1418 1661 annos
1465 1609 1736 1660 continuos
1784 1609 1883 1661 hoc
1929 1625 2140 1662 munere

179 1705 352 1772 fungi:
399 1706 644 1757 Menches
677 1705 840 1768 enim,
882 1706 970 1771 qui
1009 1704 1359 1756 Cerceosiride
1393 1705 1896 1770 κωμογραμματεύς
1932 1706 2029 1756 iam
2066 1711 2140 1758 est

178 1817 317 1855 anno
351 1804 466 1854 ante
500 1801 559 1854 C.
602 1803 774 1868 1192),
813 1802 947 1854 idem
986 1816 1175 1853 munus
1209 1801 1377 1852 adhuc
1410 1801 1540 1866 gerit
1572 1816 1709 1853 anno
1744 1805 1858 1853 ante
1884 1801 1943 1854 C.
1976 1804 2136 1868 1113),

179 1914 295 1950 cum
332 1913 586 1951 annorum
624 1899 856 1950 omnium
895 1898 1305 1964 interpositorum
1339 1901 1444 1948 acta
1479 1901 1645 1949 extent
1664 1899 1705 1963 4)
1743 1898 1807 1950 ab
1844 1914 1906 1950 eo
1942 1899 2136 1966 scripta.

661 2130 707 2180 3.
775 2129 860 2180 De
891 2129 1263 2180 nominationis
1295 2129 1692 2181 conn'icionilms⁸

245 2321 491 2375 Menches
537 2324 730 2374 creatur
776 2336 834 2372 ea
868 2320 1194 2385 condicione,
1243 2325 1297 2372 ut
1331 2322 1436 2386 agri
1474 2321 1640 2384 rudis,
1689 2322 1776 2387 qui
1814 2325 1887 2374 est
1922 2323 2137 2375 Cerceo-

177 2418 353 2483 siride,
387 2417 564 2471 decem
598 2433 772 2470 aruras
807 2417 956 2481 colat,
993 2433 1055 2468 ex
1090 2433 1196 2483 quo
1232 2418 1506 2484 quotannis
1543 2420 1607 2469 50
1642 2419 1836 2470 artabas
1866 2419 2009 2472 tritici
2037 2420 2135 2486 (vel

177 2515 306 2567 alius
339 2514 580 2567 frumenti
616 2514 844 2567 eiusdem
882 2514 1046 2581 pretii)
1083 2514 1210 2566 fisco
1245 2514 1429 2566 solvat:

242 2609 457 2680 Μεγχῆι
513 2615 607 2664 τῶι
649 2652 660 2664 .
703 2653 714 2664 .
753 2653 764 2663 .
810 2612 1214 2678 καθεσταμένωι
1275 2611 1411 2678 πρὸς
1479 2617 1558 2679 τῆι
1626 2614 2135 2679 κωμογραμματείαι

182 2705 585 2776 Κερκεοσίρεως-
623 2709 701 2775 ἐφ’
751 2706 818 2761 ὧι
857 2712 1168 2775 κατεργᾶται
1202 2713 1307 2765 τοῖς
1342 2708 1490 2766 ἰδίοις
1526 2709 1868 2775 ἀνηλώμασιν
1904 2710 2010 2761 ἀπὸ
2046 2715 2136 2778 τῆς

233 2978 252 3012 1
324 2979 392 3021 Pa
425 3010 435 3021 .
471 2979 581 3021 Tebt.
613 2980 654 3029 1,
684 2981 719 3022 9.

235 2979 424 3100 gditorg
461 3058 514 3099 de
553 3058 632 3100 hac
671 3058 848 3110 epistola
887 3058 1055 3099 dic'unt:
1101 3058 1158 3106 „it
1192 3059 1230 3098 is
1269 3059 1346 3098 not
1371 3057 1633 3108 impossible,
1675 3058 1769 3097 that
1796 3059 1908 3098 these
1930 3060 2135 3109 promeses

108 3170 111 3174 ,
182 3129 298 3178 were'
318 3146 349 3177 a
387 3135 526 3186 oribe,
566 3136 727 3188 offered
764 3137 817 3188 by
853 3136 1053 3177 Menches
1091 3138 1132 3176 to
1162 3136 1230 3177 his
1257 3136 1471 3186 superior-s
1501 3136 1546 3175 in
1577 3135 1646 3175 the
1674 3136 1877 3187 village'',·
1917 3137 1958 3177 in
1990 3148 2133 3178 eorum

177 3213 425 3256 sententiam
465 3215 567 3256 eunt
604 3216 646 3255 et
688 3213 1076 3266 Bouche-Leclercq
1114 3214 1190 3266 (H.
1230 3214 1271 3254 d.
1302 3214 1348 3254 L.
1392 3214 1447 3254 111
1479 3226 1520 3265 p.
1551 3214 1644 3265 307)
1675 3216 1716 3254 et
1747 3214 1967 3256 Hohlwein
1998 3216 2131 3267 (Mus.

179 3292 298 3347 belg!
323 3292 359 3334 X
389 3303 431 3344 p.
459 3292 550 3343 46),
582 3292 735 3334 iniuria
764 3294 810 3333 ut
841 3292 943 3334 mihi
974 3293 1150 3334 videtur.
1181 3293 1303 3334 Tales
1331 3293 1443 3333 enim
1478 3292 1720 3343 largitiones
1750 3293 1915 3335 chartae
1945 3296 2131 3336 mandari

177 3381 263 3413 non
292 3370 449 3421 solent,
481 3372 689 3423 praeterea
718 3371 790 3422 qui
821 3371 903 3411 sint
932 3371 1166 3422 superiores
1193 3368 1354 3424 κώμης
1384 3370 1649 3422 magistratus
1678 3372 1829 3412 nesciO.
1870 3372 1918 3413 Et
1942 3374 2067 3415 verba
2088 3371 2134 3414 ἐν

177 3451 247 3503 τῆι
277 3445 430 3503 κώμηι
461 3448 627 3490 illorum
658 3449 847 3500 opinioni
879 3450 1161 3490 contradicere
1186 3450 1287 3490 mihi
1321 3449 1526 3490 videntur.
1566 3450 1662 3490 Meo
1684 3450 1840 3491 iudicio
1872 3451 2129 3502 congiarium

177 3526 494 3579 intelligendum
525 3527 607 3577 est,
639 3527 753 3578 quod
782 3527 979 3568 Menches
1007 3524 1167 3581 κώμης
1198 3528 1346 3569 incolis
1375 3539 1463 3568 esse
1491 3528 1683 3568 daturum
1714 3539 1758 3568 se
1786 3529 2002 3579 promittit.

232 3602 272 3657 2)
326 3603 434 3657 Pap.
470 3604 579 3645 Tem.
613 3605 652 3654 1,
683 3606 721 3646 9.

231 3681 268 3734 8)
326 3681 431 3724 ibid.
462 3684 525 3725 70.

231 3758 269 3812 4)
326 3759 393 3802 Cf.
424 3760 532 3813 Pap.
572 3761 680 3801 Tebt.
713 3762 880 3812 passim.
