2612 4412
1343 405 1407 453 42

466 556 511 606 3.
579 556 707 622 Ραρ.
742 556 988 608 Amlzerst
1020 559 1083 621 11,
1121 559 1199 608 40.
1252 556 1737 623 Τοπογραμματεύς
1772 560 1936 623 partes
1972 557 2218 623 quasdam
2253 558 2357 624 agit

399 651 451 701 in
488 651 653 703 fundo
687 652 888 718 templis
923 653 1185 704 nonnullis
1219 652 1552 718 adsignando.

466 748 511 796 4.
580 747 912 798 Actenstl‘icke
958 749 992 799 l.
1048 747 1533 814 Τοπογραμματεύς
1584 747 1732 798 refert
1778 748 1843 798 de
1889 747 2054 800 fundo
2101 748 2353 813 quodam,

399 858 426 892 a
461 847 925 909 κωμογραμματεῖ
953 843 1018 894 de
1053 844 1146 895 hac
1181 860 1234 895 re
1268 845 1490 896 edoctus.

469 939 511 989 5.
581 939 914 991 Actenstl'icke
959 940 1012 991 II.
1085 941 1195 1006 Ipse
1243 941 1716 1008 τοπογραμματεύς
1762 940 1826 991 de
1873 940 2082 1006 praedio
2129 940 2354 1006 quodam

401 1035 561 1086 refert.

467 1132 512 1182 6.
581 1131 913 1183 Actenstc'c'cke
948 1134 1007 1183 111
1046 1137 1093 1184 et
1130 1135 1208 1186 IV.
1247 1134 1432 1185 Eadem
1472 1148 1549 1183 res
1585 1132 1749 1197 agitur
1778 1135 1927 1197 atque
1952 1131 2003 1182 in
2025 1133 2068 1195 1,
2104 1130 2264 1183 sedin
2291 1131 2358 1183 IV

397 1225 603 1277 additur
647 1229 1091 1293 τοπογραμματέα
1127 1229 1644 1295 κωμογραμματέως
1679 1227 2020 1294 professiones
2055 1227 2358 1279 confirmare

399 1321 601 1373 debere.

467 1420 512 1469 7.
581 1419 709 1484 Ραρ.
770 1420 913 1470 Taar.
969 1421 1010 1483 1,
1065 1423 1121 1483 4,
1176 1423 1220 1472 5.
1290 1420 1573 1478 Βασιλικός
1632 1420 1970 1487 γραμματεύς
2027 1419 2091 1470 de
2149 1417 2358 1486 praedio

399 1514 624 1579 quodam
661 1515 811 1567 refert
845 1516 903 1567 ἐκ
940 1520 1045 1568 τῶν
1080 1517 1225 1583 παρὰ
1261 1522 1352 1569 τοῦ
1386 1518 1875 1584 τοπογραμματέως
1904 1516 1994 1568 καὶ
2023 1533 2358 1583 κωμογραμ-

399 1611 610 1675 ματέως
646 1612 1049 1679 ἀνενεχθέντων.

469 1708 512 1758 8.
574 1708 702 1773 Pap.
743 1710 870 1760 Tebt.
904 1710 946 1772 1,
985 1711 1061 1759 72.
1105 1708 1573 1777 Τοπογραμματεῖς
1597 1716 1644 1763 et
1667 1713 2152 1777 κωμογραμματεῖς
2175 1712 2356 1760 terram

399 1802 620 1870 aliquam
659 1805 713 1855 ἓν
747 1805 1001 1871 ὑπολόγῳ
1038 1806 1239 1856 relatam
1276 1821 1386 1858 esse
1421 1807 1656 1858 referunt.

468 1901 513 1950 9.
584 1901 712 1966 Pap.
747 1901 873 1952 Tebt.
915 1903 956 1964 1,
1001 1903 1106 1953 149.
1154 1901 1202 1951 Τ
1196 1904 1640 1968 οπογραμματεύς
1664 1904 1769 1969 agri
1796 1903 2060 1955 cuiusdam
2086 1903 2359 1968 ἐπίσκεψιν
2416 1917 2418 1920 ’

402 1997 564 2048 habet.

470 2095 543 2145 Ex
579 2111 626 2146 n.
663 2098 718 2159 2,
755 2099 809 2160 5,
847 2097 879 2147 6
920 2112 1230 2162 quamquam
1268 2095 1436 2160 colligi
1474 2098 1637 2162 potest
1671 2094 2115 2162 τοπογραμματὲα
2151 2106 2360 2160 quoque

402 2205 652 2242 vasarium
708 2192 970 2256 habuisse,
1031 2196 1199 2244 tamen
1252 2208 1368 2244 cum
1423 2207 1470 2243 n.
1513 2194 1530 2242 1
1591 2195 1638 2243 et
1684 2194 1715 2242 4
1751 2192 1871 2243 huic
1905 2191 2137 2258 opinioni
2190 2193 2360 2258 aperte

402 2292 708 2353 repugnent,
759 2304 868 2339 eam
915 2289 1194 2340 abiciamus
1242 2304 1446 2341 necesse
1499 2292 1587 2340 est.
1652 2288 1716 2340 At
1762 2291 2217 2354 τοπογραμματεῖ,
2264 2286 2359 2338 ‘cui

400 2397 521 2433 cura
555 2385 789 2436 omnium
826 2401 1067 2451 agrorum
1105 2386 1155 2436 in
1193 2385 1341 2453 τόπῳ
1377 2401 1473 2438 suo
1509 2386 1723 2438 sitorum
1763 2384 1998 2436 mandata
2032 2388 2128 2448 est,
2177 2383 2360 2436 vasari-

401 2493 551 2530 orum
572 2481 806 2532 omnium
827 2481 1018 2547 quibus
1037 2486 1231 2548 praeest
1248 2483 1775 2549 κωμαγραμματέων
1787 2469 2145 2533 adeundoruin
2159 2478 2360 2548 copiam

400 2575 582 2639 fuisse,
621 2583 1018 2630 consentaneum
1057 2579 1269 2630 videtur.

472 2672 640 2738 Itaque
685 2676 1009 2740 superiorum
1048 2675 1429 2740 magistratuum
1468 2675 1853 2741 quaestionibus
1888 2673 2363 2741 τοπογραμματεύς

399 2772 487 2820 aut
533 2770 639 2835 ipse
687 2771 1027 2836 respondebat
1075 2772 1150 2837 (ut
1195 2772 1245 2822 in
1291 2773 1627 2824 Actenstis'cke
1673 2772 1733 2837 ΙΙ)
1782 2775 1867 2822 aut
1902 2787 1992 2838 per
2025 2785 2359 2838 κωμογραμ-

401 2866 567 2931 ματέα
607 2866 682 2931 (ut
717 2867 769 2916 in
803 2867 933 2933 Pap.
958 2868 1212 2919 Amlzerst.
1241 2870 1305 2931 ΙΙ,
1333 2870 1421 2931 31,
1457 2868 1586 2934 Pap.
1619 2869 1763 2919 Taar.
1792 2869 1834 2932 1,
1859 2869 1916 2931 4,
1943 2870 1997 2931 5,
2032 2865 2365 2918 Actenstticke

406 2964 448 3024 1,
488 2963 575 3025 111,
617 2963 717 3028 IV).
755 2965 1078 3029 Magistratus
1107 2965 1396 3031 superiores
1427 2968 1691 3030 propterea
1721 2980 1871 3030 saepe
1895 2978 2000 3016 non
2025 2979 2360 3029 κωμογραμ-

401 3061 568 3125 ματέα
612 3060 779 3126 ipsum
819 3061 909 3112 sed
953 3063 1398 3128 τοπογραμματέα
1439 3061 1623 3113 adiisse
1658 3061 1782 3112 mihi
1824 3061 2060 3112 videntur
2093 3062 2179 3112 aut
2213 3062 2269 3112 ut
2294 3059 2360 3112 ab

404 3157 522 3218 hoe,
572 3156 862 3221 magistratu
910 3158 1432 3223 κωμογραμματείας
1478 3158 1739 3223 superiore
1785 3157 2053 3222 fungente,
2113 3155 2359 3210 rationem

404 3268 668 3318 reposcere
704 3258 935 3319 possent,
983 3259 1067 3306 aut
1113 3254 1255 3320 quod
1292 3254 1795 3321 κωμογραμματεύς
1837 3253 2091 3305 interdum
2134 3253 2362 3306 Graeme

404 3350 606 3415 linguae
633 3349 895 3416 imperitus
919 3354 1033 3415 erat;
1053 3352 1152 3403 hoc
1178 3351 1218 3402 si
1239 3354 1324 3414 est,
1343 3351 1816 3417 τοπογραμματεύς
1843 3349 2363 3418 κωμογραμματέως

405 3447 669 3498 relationes
706 3462 766 3497 ex
801 3462 1038 3499 sermone
1072 3448 1323 3514 Aegyptio
1360 3448 1410 3498 in
1449 3447 1704 3500 Graecum
1740 3450 1930 3499 vertere
1966 3446 2251 3511 debebatl).

461 3664 495 3714 1)
552 3662 618 3705 Cf.
649 3664 920 3705 Actenstticke
947 3665 986 3714 1,
1018 3664 1111 3705 Col.
1142 3667 1189 3714 2,
1224 3667 1272 3706 10
1301 3677 1415 3717 sqq.:

462 3772 586 3782 .....
628 3739 675 3792 lo‘
711 3739 1149 3796 κωμογραμΙματεὺς
1187 3741 1400 3796 πεπόηται
1429 3774 1438 3782 .
1458 3774 1466 3783 .
1485 3776 1494 3785 .
1513 3774 1522 3783 .
1564 3747 1651 3788 τοῖς
1688 3740 1917 3796 ἐγχωρίοις
1954 3739 2226 3795 γράΙμμασιν
2261 3771 2271 3782 .
2290 3771 2298 3780 .
2319 3771 2329 3781 .
2348 3770 2359 3780 .
