2612 4412
1173 341 1230 389 71

293 495 510 546 Munera
556 494 851 546 comarchae
899 494 960 544 111
1007 497 1121 544 ante
1168 492 1227 544 C.
1275 493 1476 544 saeculo
1527 493 1761 559 imposita
1808 510 1966 560 paene
2003 495 2178 547 eadem

221 590 382 643 fuisse
416 589 639 642 vidimus
672 605 730 641 ac
763 604 893 655 quae
928 589 1446 655 κωμογραμματὲως
1471 593 1611 639 erant
1636 590 1674 639 ΙΙ
1700 590 1915 641 saeculo.
1953 590 2180 650 Quando

221 689 390 739 autem
438 686 733 738 comarchae
779 688 997 751 potestas
1044 689 1507 751 κωμογραμματεῖ
1535 684 1712 735 tradita
1746 685 1831 747 sit,
1881 700 1941 735 ex
1977 688 2181 752 papyris

147 778 151 784 ’
223 783 432 850 repertis
485 782 654 848 colligi
708 781 944 833 nondum
998 784 1175 848 potest.
1238 780 1339 831 Aut
1387 781 1449 831 111
1498 781 1699 832 saeculo
1736 784 1950 832 exeunte
2001 785 2086 832 aut
2139 783 2177 832 11

221 878 454 942 ineunte,
524 895 641 931 cum
707 878 1073 930 administratio
1136 881 1239 929 tota
1303 881 1600 940 mutaretur,
1664 877 1850 928 factum
1915 876 2015 927 hoc
2071 892 2181 928 esse

221 974 493 1027 verisimile
528 978 613 1027 est.

213 1048 215 1053 ,
289 1069 528 1122 Proxime
562 1070 672 1123 sine
706 1070 868 1123 dubio
904 1071 1174 1122 cohaerent
1209 1073 1257 1121 et
1291 1069 1587 1122 comarchae
1623 1072 1841 1135 potestas
1876 1072 1998 1119 tunc
2031 1067 2180 1118 dimi-

218 1169 343 1219 nuta
387 1170 434 1218 et
468 1167 772 1220 nomarchae
806 1169 846 1232 1)
886 1182 1099 1219 munera
1133 1166 1252 1218 inde
1286 1182 1316 1218 a
1353 1165 1655 1218 Ptolemaeis
1691 1165 2022 1230 regnantibus
2057 1180 2180 1230 pau-

219 1262 355 1315 latim
409 1263 461 1314 in
511 1267 783 1330 strategum
804 1306 815 1328 ,
870 1265 1126 1317 Graecum
1179 1265 1524 1330 magistratum
1546 1306 1557 1328 ,
1609 1264 1866 1326 translata,
1921 1263 2009 1329 qui
2062 1278 2178 1314 cum

218 1357 362 1411 initio
408 1360 549 1412 nomi
597 1360 843 1414 militibus
889 1365 1082 1413 tantum
1132 1365 1405 1428 praeesset,
1456 1362 1495 1411 ΙΙ
1541 1364 1656 1412 ante
1692 1360 1751 1412 C.
1787 1360 1990 1412 saeculo
2025 1360 2180 1411 totius

217 1455 360 1509 nomi
419 1455 839 1510 administrationi
902 1458 1181 1525 praefectus
1240 1463 1343 1510 erat
1377 1460 1434 1524 2).
1507 1458 1701 1510 Eodem
1764 1457 1976 1523 pertinet
2035 1456 2178 1522 quod

214 1551 490 1618 βασιλικοῦ
527 1556 907 1621 γραμματέως,
950 1557 1467 1622 τοπογραμματέως,
1512 1554 2032 1621 κωμογραμματέως
2067 1569 2178 1604 rnu-

216 1663 339 1702 nera
393 1651 733 1716 augebantur,
794 1653 911 1704 item
966 1653 1107 1718 quod
1162 1654 1347 1705 horum
1403 1652 1784 1718 magistratuum
1838 1650 1889 1700 in
1943 1649 2177 1716 papyriS,

211 1746 413 1814 scriptis
445 1749 764 1815 temporibus
811 1750 1202 1816 posterioribus,
1249 1750 1565 1816 frequentior
1599 1752 1674 1800 est
1707 1747 1897 1799 mentio
1933 1762 2087 1812 quam
2124 1746 2176 1796 in

218 1843 281 1894 111
317 1844 502 1896 saeculi
538 1845 756 1912 papyris.
812 1847 1072 1897 Praeterea
1106 1861 1200 1912 pro
1236 1861 1343 1898 uno
1379 1846 1678 1908 nomarcha,
1714 1844 1803 1896 toti
1841 1857 2000 1894 nomo
2036 1858 2176 1908 prae-

179 1939 183 1943 ’
214 1939 410 2006 posit0,
458 1941 630 2008 plures
665 1943 919 1994 constituti
955 1946 1073 1994 sunt
1083 1960 1096 2007 ;
1144 1943 1217 1994 sic
1260 1943 1310 1993 in
1349 1957 1508 1994 nomo
1544 1941 1802 1993 Arsinoita
1838 1941 1898 1991 111
1936 1939 2034 1990 iam
2070 1954 2176 1990 sae-

119 2069 123 2074 ·
212 2037 332 2090 culo
367 2041 498 2091 certe
531 2042 721 2105 septem
759 2040 1081 2092 nomarchiae
1115 2043 1582 2092 commemorantur
1604 2040 1662 2104 3).

285 2133 472 2190 Rerum
537 2151 838 2202 progressus
898 2153 1051 2204 quem
1113 2138 1356 2204 exposui,
1422 2137 1779 2202 indigenarum
1841 2133 2043 2185 reiectio
2103 2136 2176 2184 est

213 2229 533 2283 Graecorum
571 2234 864 2285 commodo.
919 2235 1020 2308 Pro
1055 2235 1306 2301 Aegyptio
1340 2234 1500 2297 enim,
1538 2233 1627 2299 qui
1663 2232 1806 2284 initio
1842 2230 1997 2283 totius
2032 2229 2172 2281 nomi

211 2327 632 2382 administrationi
680 2336 926 2397 praeerat,
976 2332 1293 2398 magistratus
1340 2331 1570 2383 Graecus
1617 2345 1776 2382 nomo
1824 2329 2172 2395 praeponitur,

211 2423 294 2476 cui
350 2438 530 2478 omnes
583 2428 722 2478 nomi
777 2429 1094 2494 magistratus
1147 2430 1390 2481 rationem
1445 2428 1658 2480 reddere
1704 2426 1905 2478 debent.
1960 2424 2174 2476 Mutatio

213 2519 370 2586 igitur
426 2521 477 2573 in
537 2523 751 2591 Aegypti
817 2524 1252 2577 administratione
1309 2525 1435 2576 facta
1499 2524 1692 2590 optime
1755 2522 1993 2589 congruit
2054 2537 2170 2573 cum

216 2617 521 2683 Lagidarum
581 2621 822 2686 consilio,
894 2622 1084 2689 quibus
1153 2639 1355 2689 semper
1421 2622 1563 2674 cordi
1641 2625 1744 2673 erat
1813 2621 2170 2685 indigenarum

212 2713 560 2778 incommodo,
603 2717 921 2771 Graecorum
975 2720 1249 2772 commoda
1300 2734 1500 2785 augere.
1561 2720 1831 2783 Euergetes
1883 2717 2092 2768 demum
2133 2718 2169 2766 ll

210 2811 537 2878 superiorum
583 2829 761 2881 regum
821 2816 1031 2868 consilia
1084 2817 1323 2880 mutavit;
1372 2816 1458 2882 qui
1513 2816 1642 2882 Ραρ.
1687 2816 1814 2867 Tebt.
1855 2816 1902 2878 l,
1952 2816 1981 2865 5
2018 2817 2170 2875 teste,

210 2907 473 2975 Aegyptiis
509 2909 728 2962 maxime
763 2911 974 2964 favebat.

279 3073 385 3124 Viri
433 3073 567 3126 docti
617 3074 862 3127 Germani
900 3077 1220 3128 comarcham
1261 3077 1656 3143 „Dotfsclzalze”
1693 3076 1945 3143 appellare
1978 3076 2169 3138 solent,

210 3166 349 3220 Galli
405 3171 573 3221 autem
636 3172 713 3224 „le
757 3172 955 3224 malre’'.
1018 3173 1071 3223 ld
1120 3172 1262 3224 nullo
1310 3172 1468 3224 modo
1515 3173 1578 3223 ad
1629 3173 1666 3223 11
1712 3176 1826 3224 ante
1878 3172 1937 3224 C.
1986 3172 2168 3224 saeculi

266 3374 300 3426 1)
357 3375 541 3416 Titulum
571 3376 822 3429 Aegyptium
855 3378 977 3418 huius
1008 3378 1271 3429 magistratus
1302 3379 1554 3429 ignoramus.

263 3444 327 3504 ²)'
358 3453 425 3495 cf.
455 3465 583 3506 supra
608 3465 649 3505 p.
679 3455 718 3496 9.

265 3530 300 3582 3)
359 3531 405 3572 ln
448 3532 558 3584 Pap.
602 3532 745 3574 Petrc‘e
783 3533 860 3575 hae
904 3532 1139 3588 νομαρχίαι
1183 3536 1581 3576 commemorantur:
1639 3533 1869 3584 Νίκωνος,
1914 3533 2169 3588 Διογένους,

203 3603 456 3662 Ἅχοάπιος,
491 3607 732 3660 Φιλίππου,
762 3608 1031 3665 Μαιμάχου,
1057 3609 1359 3666 Ἀριστάρχου,
1379 3611 1537 3666 ’Ὠρου
1562 3613 1727 3654 Nomen
1754 3614 1959 3664 accepisse
1979 3613 2171 3654 videntur

196 3696 259 3727 ‚ex
286 3687 432 3738 primis
461 3688 708 3730 nomarchis.
