2612 4412
1145 370 1209 419 25

199 520 330 587 Pap.
385 522 513 573 Tebt.
564 523 605 584 Ι,
654 523 877 585 93--98,
932 537 1062 587 quae
1106 523 1367 574 continent
1412 523 1717 574 tributorum
1766 523 2057 587 relationes,
2107 525 2156 575 in

200 620 719 685 κωμογραμματέως
753 619 925 672 officio
964 619 1219 671 confectae
1253 624 1394 671 sunt:
1433 636 1550 670 narn
1588 636 1634 670 n.
1672 622 1749 683 93,
1788 623 1874 684 94,
1912 623 1976 673 98
2014 623 2158 673 Men-

199 713 312 766 chis-
343 714 503 780 ipsius
539 730 694 766 manu
731 716 941 781 scriptae
976 720 1095 767 sunt
1128 717 1196 781 1);
1245 718 1309 767 95
1345 721 1511 768 autem
1550 721 1648 768 tam
1687 718 1866 769 similis
1901 722 1974 769 est
2010 734 2057 768 n.
2094 720 2159 770 93

198 813 247 861 et
291 810 357 861 94
399 814 453 861 ut
498 810 716 862 dubitari
766 817 981 877 nequeat
1027 813 1150 878 quin
1188 817 1235 864 et
1269 813 1392 865 haec
1428 814 1616 865 ibidem
1654 815 1836 881 scripta
1870 815 1932 866 sit
1946 833 1956 878 ;
2006 815 2160 866 verba

199 905 440 973 Διὸύμου
492 908 1056 975 κωμογρα(μματέως)
1113 910 1162 959 in
1211 926 1384 962 aversa
1430 912 1605 977 papyri
1653 913 1718 962 96
1765 916 1902 978 parte
1949 912 2158 978 scripta,

197 1005 672 1070 κωμογραμματὲα
719 1005 979 1070 scripsisse
1025 1005 1244 1057 chartam
1281 1006 1488 1070 docent;
1538 1007 1646 1058 iure
1681 1007 1903 1073 denique
1939 1008 2159 1059 editores

197 1113 259 1150 ex
306 1100 482 1166 papyri
529 1101 595 1151 97
637 1101 807 1153 verbis
842 1104 909 1166 2),
958 1102 1090 1169 typis
1126 1117 1229 1154 non
1268 1103 1539 1166 mandatis,
1589 1108 1636 1155 et
1671 1104 1802 1155 hanc
1837 1105 1886 1154 in
1925 1104 2158 1154 Menchis

197 1194 372 1247 officio
413 1196 647 1263 scriptam
684 1212 793 1249 esse
828 1197 1086 1264 colligunt.

264 1294 328 1346 N.
363 1295 568 1345 93-98
609 1295 818 1346 tabellae
863 1300 982 1347 sunt
1024 1296 1235 1348 nomina
1269 1297 1583 1347 continentes
1619 1297 1812 1363 κώμης
1848 1296 2154 1358 incolarum,

196 1372 470 1443 litterarum
517 1391 700 1443 ordine
746 1392 1020 1458 disposifa,
1068 1394 1172 1444 scil.
1219 1393 1506 1459 βασιλικῶν
1554 1397 1811 1459 γεωργῶν
1845 1395 1886 1456 3)
1936 1397 1982 1444 et
2028 1393 2156 1460 κλη-

196 1485 414 1554 ρούχων
446 1487 515 1551 4),
559 1487 681 1538 item
728 1487 969 1551 deorum,
1018 1489 1208 1554 quibus
1253 1489 1401 1540 fundi
1449 1494 1568 1540 sunt
1601 1491 1670 1554 5),
1719 1489 1893 1541 addito
1930 1504 2060 1554 quae
2095 1488 2158 1540 sit

197 1582 496 1648 magnitudo
530 1599 770 1649 agrorum
807 1600 836 1635 a
870 1585 1086 1649 singulis
1121 1585 1398 1647 cultorum,
1444 1590 1631 1650 quanta
1664 1587 1765 1637 sint
1798 1585 1994 1651 μισθός
2029 1589 2155 1636 cete-

194 1693 352 1746 raque
395 1680 603 1743 tributa,
651 1696 783 1746 quae
827 1682 1047 1747 quisque
1081 1682 1207 1733 fisco
1243 1682 1440 1734 solvere
1475 1683 1638 1734 debet.
1694 1683 1834 1734 l-laec
1867 1687 2033 1734 autem
2072 1682 2155 1732 tri-

194 1775 317 1828 buta
349 1776 525 1829 eadem
561 1782 680 1829 sunt
713 1781 862 1844 atque
898 1794 955 1830 ea
989 1794 1119 1844 quae
1142 1794 1296 1846 supra
1319 1780 1543 1832 vidimus
1567 1781 1889 1846 ὕποκειμένα
1914 1781 2070 1832 fuisse
2094 1785 2155 1846 τῇ

193 1876 712 1942 κωμογραμματείᾳ,
759 1876 943 1928 additis
987 1877 1273 1940 nonnullis,
1322 1878 1372 1928 in
1410 1879 1474 1929 89
1511 1894 1615 1930 non
1652 1878 2061 1930 commemoratis
2095 1878 2154 1941 6).

261 1971 336 2023 Ex
381 1972 461 2024 his
501 1988 632 2039 quae
666 1973 890 2025 diximus
925 1978 1130 2040 apparet
1164 1981 1628 2042 κωμογραμματεῖ
1668 1975 1961 2027 mandatum
1998 1975 2154 2026 fuisse

193 2069 249 2119 ut
281 2067 487 2121 tabellas
521 2069 815 2134 conficeret,
855 2071 904 2122 in
942 2071 1132 2136 quibus
1167 2072 1352 2124 tributa
1381 2073 1477 2125 sibi
1510 2074 1833 2138 ὑποκειμένα
1862 2074 2151 2139 singillatim

191 2165 474 2240 secundum
528 2182 772 2233 personas
819 2173 1249 2221 enumerarentur.
1305 2171 1479 2231 Quare
1526 2171 1663 2222 haud
1709 2172 1815 2223 scio
1862 2186 1925 2223 an
1963 2171 2025 2222 ad
2063 2171 2154 2222 has

191 2260 411 2315 rationes
453 2264 697 2316 Menches
741 2259 941 2328 referat,
991 2266 1219 2318 scribens
1254 2267 1608 2320 chrematistis:
1660 2309 1668 2318 .
1710 2309 1717 2318 .
1758 2310 1767 2319 .
1806 2309 1815 2319 .
1855 2268 2154 2334 ὃιαγραφῆς

189 2376 285 2425 μοι
319 2358 650 2427 ἐπικειμένης
684 2365 790 2412 τῶν
825 2361 1196 2428 ὑποκειμένων
1232 2368 1311 2431 τῆι
1347 2365 1512 2430 χρείαι
1546 2365 1834 2430 βασιλικῶν
1853 2367 1910 2429 7).

257 2454 440 2521 Neque
475 2454 659 2508 desunt
692 2456 817 2509 aliae
853 2458 1029 2525 papyri
1061 2474 1191 2524 quae
1222 2475 1412 2512 munus
1441 2460 1747 2512 tributorum
1779 2460 2149 2526 exigendorum

189 2556 650 2618 κωμογραμματεῖ
682 2552 839 2604 fuisse
874 2553 1237 2605 demonstrant.
1291 2554 1374 2606 Sic
1410 2555 1623 2607 Polemo
1660 2555 1869 2621 quidam
1906 2555 1968 2606 ad
2007 2556 2151 2606 Men-

188 2646 335 2699 chem
370 2647 567 2700 scribit:

253 2741 526 2810 Πολέμων
563 2732 781 2813 ΔΜεγχεῖ
825 2746 1037 2813 χαίρειν.
1091 2747 1201 2799 ἐπεὶ
1238 2747 1545 2813 διέγνωσται
1581 2750 1670 2800 τὸν
1705 2749 2019 2816 ἐπιμελητὴν
2054 2770 2148 2800 πα-

188 2841 496 2910 ραγίνεσθαι
531 2842 626 2908 ἅμ’
668 2843 861 2910 ἡμέραι
906 2850 985 2912 τῆι
1021 2865 1064 2896 ιε
1100 2847 1169 2903 εἷς
1215 2844 1528 2912 Βερενικίόα
1572 2853 1651 2915 τῆι
1699 2847 1757 2899 δὲ
1804 2868 1852 2906 ις
1896 2849 2152 2914 παράγειν

242 3086 278 3139 1)
335 3086 403 3130 cf.
431 3088 574 3141 Pmeff.
605 3090 659 3131 ad
688 3091 739 3132 93
768 3090 827 3142 (in
859 3102 899 3142 p.
931 3092 1007 3133 413
1040 3091 1153 3143 ima).

241 3164 278 3217 2)
334 3163 520 3221 Μεγχῆς
562 3164 732 3214 αὐτὸς
761 3167 1132 3223 γρίαμματικοῦ),
1172 3169 1358 3226 Μεγχῆς
1402 3169 1575 3218 αὐτὸς
1605 3170 1774 3227 κριθῆς
1804 3171 1909 3226 κηβ’
1942 3171 2035 3214 κτλ.

241 3243 503 3286 Vocabulum
541 3243 673 3292 αὐτός
712 3247 996 3289 demonstrare
1034 3248 1198 3289 videtur
1227 3250 1416 3291 Menchis
1459 3251 1618 3292 scribas
1648 3251 1755 3292 hanc
1785 3252 1987 3292 rationem
2019 3253 2147 3303 scrip-

186 3321 289 3364 sisse
315 3321 368 3364 cf.
398 3333 440 3375 p.
469 3324 548 3365 427
580 3324 606 3364 i.
639 3324 668 3364 f.

241 3398 278 3452 8)
332 3401 385 3443 93
415 3400 1303 3456 Col.1-111;94;95;96;97(?);98,
1339 3408 1477 3447 1—26.

240 3476 278 3529 ⁴)
332 3479 407 3530 98,
435 3481 483 3520 41
519 3491 651 3533 usque
679 3482 733 3523 ad
762 3481 905 3523 finem.

241 3554 278 3608 5)
333 3557 384 3599 93
415 3556 510 3599 Col.
543 3558 620 3607 1V;
652 3560 726 3609 98,
757 3561 928 3602 27-40.

241 3632 278 3685 ὅ)
334 3633 402 3677 cf.
432 3635 575 3689 Pmef.
606 3637 660 3679 ad
689 3638 754 3680 93.

242 3709 280 3765 ⁷)
335 3712 443 3766 Pap.
480 3714 591 3756 Tebt.
626 3716 664 3766 1,
696 3717 769 3765 29;
800 3716 895 3758 vide
924 3728 1048 3768 supra
1078 3729 1118 3769 p.
1150 3719 1214 3759 22.
