2612 4412
1353 395 1416 443 78

472 545 580 598 Vici
628 546 988 613 phylacitarum
1033 547 1074 599 si
1110 548 1227 599 satis
1262 562 1478 612 magnus
1515 561 1758 598 numerus
1794 550 1888 608 est,
1938 546 2176 598 decuriati
2213 551 2354 613 sunt;

406 642 638 707 singuliis
673 642 891 694 decuriis
927 651 1120 709 praeest
1156 642 1378 700 ὁεκανός
1412 644 1468 709 1).

1355 888 1409 937 ΙΙ.

692 1064 777 1114 De
808 1064 1233 1129 archiphylacitae
1259 1064 1733 1130 phylacitammque
1765 1063 2070 1113 muneribus,

561 1234 599 1283 1.
673 1234 764 1284 De
812 1234 1200 1285 muneribus
1244 1233 1318 1284 ad
1368 1249 1468 1284 res
1514 1233 1665 1284 fisci
1713 1231 2223 1298 pertinentibus.

469 1387 900 1453 Archiphylacitae
946 1388 1413 1454 phylacitarumque
1461 1403 1671 1439 munera
1706 1387 1996 1454 praesertim
2032 1386 2096 1437 ad
2131 1385 2239 1438 fisci
2277 1400 2357 1438 res

404 1483 651 1546 pertinere
686 1498 839 1548 supra
874 1483 972 1533 iam
1009 1483 1232 1536 diximus
1259 1485 1326 1550 (p.
1364 1484 1519 1549 7314).
1558 1484 1812 1536 Certiores
1846 1499 1942 1535 nos
1966 1482 2030 1534 de
2055 1483 2149 1533 hac
2172 1497 2225 1533 re
2242 1481 2358 1534 facit

401 1579 530 1644 Ραρ.
584 1580 711 1630 Tebt.
762 1580 803 1642 1,
852 1581 906 1642 5,
960 1595 1061 1645 qua
1112 1581 1433 1631 continentur
1483 1585 1531 1631 et
1575 1581 1671 1631 alia
1717 1581 1992 1644 Euergetae
2040 1580 2078 1629 II
2128 1579 2265 1630 iussa
2308 1580 2358 1629 et

402 1674 652 1737 edictum,
710 1690 816 1740 quo
869 1676 1130 1741 phylacitis
1182 1691 1351 1726 rerum
1404 1680 1517 1727 ante
1568 1676 1955 1727 commissarum
2009 1674 2155 1726 venia
2205 1678 2357 1740 atque

403 1771 720 1822 incolumitas
755 1771 834 1822 his
871 1772 1038 1822 verbis
1073 1771 1243 1822 datur:

468 1867 677 1933 ἀφιᾶσει
726 1867 811 1932 (sc.
859 1884 946 1918 rex
988 1874 1036 1918 et
1082 1868 1351 1933 Cleopatra
1395 1883 1544 1919 soror
1584 1872 1631 1918 et
1666 1869 1814 1933 uxor)
1855 1867 1911 1918 δὲ
1945 1866 2035 1918 καὶ
2068 1866 2189 1924 τοὺς
2221 1865 2354 1918 κατὰ

400 1966 492 2029 τὴν
526 1963 712 2030 χώραν
748 1963 1079 2030 φυ(λακίτας)

468 2078 514 2110 α.
567 2064 673 2110 τῶν
707 2062 1217 2126 παραγραφομένων
1252 2060 1388 2125 πρὸς
1423 2060 1513 2117 τὰς
1546 2059 1861 2126 βαίσιλικὰς)
1900 2060 2232 2117 ἕπισκοπείας
2265 2059 2355 2111 καὶ

565 2155 701 2222 πρὸς
736 2158 768 2206 ἃ
804 2157 1202 2223 καταπρόεινται
1238 2156 1564 2223 γενή(ματα),

464 2253 513 2318 β.
567 2253 656 2303 καὶ
690 2257 795 2304 τῶν
829 2253 1285 2320 παραδεδομένων
1321 2254 1496 2311 αὐτοῖς
1529 2253 1665 2319 πρὸς
1700 2252 2070 2320 ὀφειίλήματα)
2103 2251 2192 2304 καὶ
2219 2251 2355 2319 πρὸς

565 2350 723 2406 ἄλλας
758 2350 918 2407 αἰτίας
953 2350 1041 2401 καὶ
1078 2349 1519 2416 ὂιαπεπρακότων
1555 2350 1659 2406 ἕως
1694 2353 1785 2400 τοῦ
1820 2369 1850 2400 ν
1871 2348 2059 2416 (ἔτους)
2095 2348 2153 2413 2).

464 2447 634 2498 Verba
677 2447 775 2498 sub
821 2466 854 2497 α
902 2447 1101 2498 laudata
1146 2447 1407 2514 phylacitis
1453 2446 1725 2513 βασιλικῆς
1761 2451 1855 2514 γῆς
1892 2445 1975 2511 (ad
2011 2460 2163 2511 quam
2200 2444 2356 2497 verba

398 2543 452 2593 αἱ
485 2542 746 2607 βασιλικαὶ
781 2543 1104 2595 ἐπισκοπείαι
1133 2544 1381 2609 pertinere
1410 2543 1622 2609 constat)
1654 2543 1866 2608 eiusque
1894 2542 2150 2594 fruetuum
2181 2555 2353 2593 curam

399 2640 683 2692 mandatam
731 2640 888 2692 fuisse
934 2640 1296 2691 demonstrant.
1347 2639 1578 2691 Editores
1614 2639 1712 2690 iam
1749 2639 1979 2690 animum
2015 2637 2355 2689 adtenderunt

397 2733 460 2785 ad
495 2734 625 2799 Ραρ.
671 2733 798 2784 Tebt.
837 2733 879 2797 1,
927 2735 993 2783 27
1016 2734 1083 2799 3),
1133 2733 1221 2784 ubi
1271 2734 1504 2785 Irenaeus
1547 2732 1772 2784 dioeceta
1825 2731 2087 2782 Hermiam
2134 2730 2224 2782 τὸν
2269 2730 2353 2782 ἐπὶ
2400 2803 2401 2806 ¹

398 2834 503 2881 τῶν
536 2829 826 2895 προσόδων
856 2829 1366 2896 γενηματοφύλακας
1395 2832 1442 2880 et
1467 2829 1740 2895 phylacitas
1773 2828 2100 2880 iureiurando
2127 2827 2350 2880 obstrin-

397 2942 515 2991 gere
553 2926 692 2977 iubet
727 2929 782 2976 ut
815 2941 967 2991 agros
1001 2925 1297 2991 fructusque
1332 2929 1531 2977 curent:

562 3063 572 3072 .
611 3063 620 3073 .
657 3021 746 3073 καὶ
779 3021 925 3087 παρὰ
959 3022 1058 3088 μὲν
1092 3021 1293 3073 τούτων
1330 3022 1415 3087 (se.
1453 3021 1996 3088 γενηματοφυλάκων)
2033 3020 2123 3072 καὶ
2155 3024 2262 3072 τῶν
2297 3021 2352 3072 ἕν

397 3118 607 3185 ἔκάστηι
657 3118 742 3182 (sc.
790 3118 992 3183 κώμηι)
1043 3117 1432 3183 φυλ[α]κι[τῶν]
1483 3117 1712 3183 λα[β]ὼν
1758 3117 2134 3184 χειρογραφίας
2181 3116 2350 3184 ὅρκου

447 3341 486 3394 1)
542 3344 652 3395 Ραρ.
689 3344 798 3384 Tebt.
833 3343 871 3393 1,
904 3345 977 3393 27,
1007 3345 1081 3392 31;
1112 3345 1202 3384 251.

454 3424 556 3463 Edd.
597 3423 661 3462 his
700 3422 802 3463 locis
844 3422 1172 3462 demonstratum
1212 3433 1300 3461 esse
1339 3421 1568 3462 admonent
1605 3421 1855 3462 vocabulum
1895 3418 2079 3466 ὃεκανός
2119 3421 2348 3462 derivatum

395 3513 483 3541 esse
512 3513 536 3541 a
564 3497 697 3549 δέκα,
727 3511 812 3539 non
843 3511 868 3540 a
897 3499 1038 3539 decem
1069 3499 1238 3550 (Anno‘t.
1269 3499 1323 3539 ad
1352 3499 1463 3549 Pap.
1499 3499 1608 3538 Tebz‘e
1642 3499 1678 3548 1,
1709 3500 1783 3547 27,
1814 3498 1894 3549 31).

450 3578 485 3629 2)
541 3578 868 3618 Vv.188—192.
1197 3614 1199 3616 μ

450 3656 485 3707 3)
541 3656 695 3696 Annot.
736 3655 789 3695 ad
829 3656 939 3706 Pap.
985 3655 1095 3695 Tebt.
1139 3656 1178 3704 Ι,
1219 3658 1266 3705 5,
1311 3657 1397 3696 159.

452 3734 515 3774 De
547 3734 693 3786 Papyri
723 3735 840 3775 Tebt.
875 3735 913 3784 Ι,
944 3737 994 3774 27
1024 3736 1270 3784 argumento
1300 3734 1350 3775 cf.
1382 3745 1507 3784 supra
1536 3744 1605 3784 pp.
1637 3734 1688 3772 48
1718 3744 1779 3783 sq.
1811 3735 1851 3772 et
1879 3734 1927 3773 73
1959 3744 2019 3783 sq.
