2612 4412
1326 416 1391 465 30

378 583 549 618 curam
604 569 903 622 oeconomis
954 568 1004 619 in
1053 569 1269 634 singulis
1315 569 1484 620 nomis
1530 568 1812 620 constitutis
1857 567 2167 633 delegavisse
2211 569 2329 627 Rev.

377 664 611 730 papyrus
645 664 968 717 demonstrat.
1006 666 1312 718 Oeconomo
1343 665 1440 716 iam
1474 664 1791 730 magistratus
1822 664 2087 716 inferiores
2115 664 2330 717 scribae-

377 776 478 825 que
502 761 644 811 multi
668 762 998 828 apparebant,
1025 762 1153 813 inter
1175 777 1308 827 quos
1324 764 1490 812 tamen
1511 776 1678 826 neque
1701 759 1970 824 βασιλικὸς
1995 760 2332 826 γραμματεύς

378 872 544 922 neque
589 858 1061 924 τοπογραμματεύς
1108 874 1274 924 neque
1316 856 1818 924 κωμογραμματεύς
1853 860 2330 910 commemorantur.

377 951 476 1003 Sed
522 953 677 1006 altero
717 957 831 1005 ante
866 954 927 1006 C.
961 956 1162 1006 saeculo
1199 970 1277 1006 res
1311 954 1451 1005 aliter
1484 954 1723 1005 sehabet
1757 956 1811 1004 ut
1846 953 1974 1018 Pap.
2019 953 2146 1004 Tebt.
2186 953 2228 1016 Ι,
2265 953 2331 1004 35

375 1048 544 1111 docet,
582 1065 712 1115 quae
748 1050 871 1101 haec
904 1050 1148 1101 continet:

435 1143 788 1203 Ἀπολλώνιος
824 1145 987 1212 [τ]οῖς
1022 1147 1077 1197 ἕν
1112 1151 1191 1212 τῆι
1226 1145 1558 1210 ῘΙολέμωνος
1592 1144 1808 1210 μερίδος
1846 1145 1896 1210 (l.
1924 1173 1989 1180 —
2018 1144 2086 1208 δι)
2125 1144 2329 1196 ἐπιστά-

375 1258 483 1296 ταις
534 1240 623 1291 καὶ
674 1245 779 1299 τοῖς
831 1241 1005 1298 ἄλλοις
1055 1247 1160 1299 τοῖς
1213 1241 1296 1292 ἐπὶ
1347 1245 1540 1308 χρειῶν
1592 1243 1919 1306 τεταγμένοις
1969 1241 2180 1308 χαίρειν.
2241 1245 2331 1308 τῆς

375 1336 770 1404 ἅναόεὸομένης
816 1338 948 1390 κατὰ
996 1339 1190 1405 κώμην
1234 1338 1470 1404 ζμύρνης
1503 1337 1710 1403 μηδένα
1745 1337 1921 1389 πλεῖον
1956 1337 2207 1404 πράσσειν
2241 1343 2331 1406 τῆς

372 1436 510 1496 μνᾶς
545 1433 845 1501 ἀργυ(ρίου)
887 1435 1191 1502 (δραχμῶν)
1229 1455 1271 1500 μ
1292 1476 1300 1485 .
1324 1476 1333 1485 .
1355 1476 1396 1485 ..
1433 1433 1490 1485 τὸ
1528 1433 1576 1485 δ’
1612 1434 1962 1497 ὕποκειμένον
1997 1434 2329 1500 πρόγραμμα

374 1528 658 1596 ἕκτεθήιτω
706 1530 795 1581 καὶ
844 1531 927 1582 διὰ
976 1537 1065 1599 τῆς
1111 1536 1202 1582 τοῦ
1239 1532 1758 1597 κωμογραμματέως
1793 1531 2037 1597 γνώμης,
2086 1531 2145 1587 ὃς
2180 1529 2330 1597 κ[α]ὶ

371 1625 503 1690 μεθ’
555 1626 711 1691 ὑμῶν
757 1626 862 1678 ὑπὸ
910 1628 1001 1695 τὴν
1047 1628 1259 1694 ἐντολὴν
1304 1627 1628 1695 ὑπογράφει,
1682 1630 1734 1695 ἢι
1782 1629 1858 1679 ὅτι
1904 1628 1934 1679 ὁ
1979 1627 2124 1694 παρὰ
2171 1630 2328 1678 ταῦτα

371 1725 543 1772 ποιῶν
589 1721 835 1790 ἑ[α]υτὸν
882 1724 1167 1775 αἰτιάσεται.
1215 1724 1350 1785 κτλ.,·
1403 1724 1631 1790 sequitur
1670 1723 2001 1790 πρόγραμμα
2037 1723 2179 1789 quod
2215 1740 2260 1775 v.
2297 1725 2329 1774 7

372 1811 812 1871 commemoratur.

440 1914 737 1966 Mandatum
770 1916 945 1981 ⁴igitur
998 1917 1209 1968 missum
1265 1920 1338 1968 est
1389 1917 1676 1974 ἐπιστάταις
1727 1917 2050 1982 singulorum
2097 1917 2328 1969 vicorum

371 2010 649 2076 ceterisque
696 2012 1070 2077 magistratibus
1113 2013 1303 2079 quibus
1339 2028 1419 2064 res
1452 2012 1516 2064 ad
1553 2013 1786 2080 myrrhae
1823 2013 2180 2080 monopolium
2216 2028 2328 2080 per-

370 2106 584 2158 tinentes
636 2123 785 2159 curae
836 2112 967 2160 sunt.
1021 2109 1247 2160 Mandati
1283 2125 1405 2160 vero
1441 2109 1724 2176 propositio
1760 2109 2010 2176 imprimis
2043 2111 2231 2176 spectat
2263 2109 2328 2161 ad

369 2204 868 2270 κωμογραμματέα,
905 2205 994 2271 qui
1029 2205 1176 2256 etiam
1211 2205 1587 2272 προγράμματι
1622 2205 1940 2257 subscribere
1973 2205 2136 2257 debet.
2174 2205 2331 2260 Unde

370 2300 579 2351 fortasse
613 2299 850 2365 colligere
885 2301 1051 2366 possis
1086 2301 1224 2352 hunc
1257 2317 1467 2367 quoque
1502 2301 1779 2365 curavisse,
1825 2317 1889 2353 ne
1924 2301 2057 2367 regis
2093 2302 2202 2354 iura
2236 2302 2330 2355 hac

369 2397 420 2447 in
458 2412 511 2447 re
545 2396 866 2448 violarentur.

435 2494 547 2545 Alia
592 2494 876 2546 testimonia
921 2495 1129 2558 desunt,
1178 2495 1267 2547 sed
1316 2495 1487 2547 nescio
1532 2510 1596 2546 an
1644 2496 1765 2547 huic
1809 2496 2123 2548 coniecturae
2168 2495 2330 2548 faveat

369 2591 511 2656 quod
559 2591 610 2641 in
658 2590 771 2642 vico
819 2590 1169 2643 Cerceosiride
1214 2591 1312 2643 olei
1362 2591 1647 2657 monopolii
1696 2591 1996 2655 conductor,
2044 2592 2326 2658 suspicatus

369 2688 419 2738 in
457 2688 714 2753 quandam
751 2687 966 2739 domum
1003 2689 1174 2740 oleum
1211 2688 1338 2740 clam
1375 2688 1700 2754 importatum
1739 2704 1869 2752 esse,
1908 2690 1978 2740 rei
2014 2688 2326 2755 detegendae

369 2799 518 2835 causa
563 2787 758 2850 praeter
803 2784 1060 2850 epistatam
1108 2788 1282 2836 testem
1329 2784 1538 2836 adhibet
1570 2785 1790 2851 aliquem
1829 2777 2054 2837 missum*
2076 2785 2323 2854 εὼᾶρχι-

368 2879 624 2947 φυλακίτῃ
640 2918 652 2939 ,
687 2880 776 2931 sed
813 2881 951 2932 hunc
984 2896 1094 2931 eam
1119 2883 1312 2931 tantum
1339 2880 1408 2932 ob
1432 2896 1633 2932 causam
1659 2880 1800 2946 quod
1825 2881 2329 2947 κωμογραμματεύς

368 2991 474 3028 non
510 2976 739 3027 adfuerat
760 2977 817 3042 1).

437 3072 572 3124 Idem
611 3072 893 3124 conductor
927 3073 1401 3139 κωμογραμματέα
1437 3073 1613 3124 libello
1647 3072 1774 3136 adit,
1811 3076 1985 3139 petens
2021 3077 2076 3125 ut
2109 3073 2191 3126 ille
2216 3089 2323 3126 rem

367 3170 429 3219 ad
467 3170 683 3233 iudiceS,
722 3169 798 3227 οἷς
832 3170 1085 3236 καθήκει,
1122 3170 1323 3221 deferat-
1345 3171 1403 3236 2).
2024 3164 2026 3166 ’

437 3267 665 3318 Fortasse
698 3266 822 3317 aliae
858 3267 1033 3333 papyri
1071 3269 1292 3332 repertae
1327 3266 1457 3317 hanc
1487 3282 1592 3317 rem
1625 3282 1759 3318 nova
1788 3267 1898 3319 luce
1928 3267 2248 3319 illustrabunt
2263 3267 2322 3332 3).

421 3439 456 3491 1)
513 3441 621 3491 Pap.
657 3440 766 3480 Tebt.
800 3440 838 3489 1,
869 3441 944 3490 38,
977 3440 1024 3480 16
1054 3451 1144 3491 sqq.

420 3517 456 3568 2)
512 3517 619 3568 Pap.
656 3518 765 3558 Tebt.
799 3518 837 3567 1,
867 3519 919 3559 38
948 3520 988 3558 et
1015 3519 1081 3559 39.

423 3595 487 3636 De
515 3607 559 3636 re
588 3595 640 3636 cf.
672 3595 779 3636 infra
809 3597 935 3646 caput
963 3595 1015 3635 de
1044 3593 1469 3648 κωμογραμματέως
1499 3596 1741 3636 muneribus
1763 3596 1815 3636 ad
1832 3596 2094 3646 disciplinam
2110 3591 2320 3646 publicam

366 3673 681 3722 pertinentibus.

422 3750 456 3800 3)
514 3749 709 3790 Ceterum
739 3762 890 3801 operae
919 3751 1098 3801 pretium
1129 3753 1189 3791 est
1219 3751 1405 3791 conferre
1434 3751 1542 3803 Pap.
1566 3751 1671 3791 Lille
1700 3751 1738 3800 1,
1772 3751 1810 3800 1,
1840 3752 1887 3800 3,
1920 3751 2094 3800 55—60,
2126 3751 2319 3801 scriptam
