2612 4412
1343 383 1408 432 46

478 570 522 619 5.
595 568 854 630 Quibus
899 566 1281 617 maneribus
1327 564 1974 631 κωμογραμματεύς
2008 565 2283 631 sanctus

820 663 919 712 sit
967 663 1032 712 in
1068 662 1379 727 liturgiis
1425 661 1933 712 distribuendis.

403 918 650 981 praestare
685 914 960 977 debebant,
997 928 1219 979 quorum
1257 912 1364 964 duo
1399 927 1587 978 genera
1621 912 2019 978 distinguantur:

468 1026 515 1062 a.
569 1025 780 1061 munera
814 1009 1022 1061 sordida
1056 1010 1123 1074 1);

468 1107 513 1156 b.
567 1121 778 1157 munera
813 1105 1097 1157 honoribus
1132 1105 1447 1156 cohaerentia
1481 1105 1538 1169 1).

473 1202 551 1254 De
603 1205 820 1268 utroque
870 1216 1056 1266 genere
1107 1201 1280 1267 paucis
1326 1216 1538 1266 agemus
1584 1200 1975 1266 videbimusque
2021 1215 2148 1266 quas
2195 1204 2360 1267 parts
2520 1233 2578 1285 2

402 1298 903 1365 κωμογραμματεύς
937 1299 988 1348 in
1026 1298 1087 1349 iis
1121 1297 1290 1362 egerit.

469 1506 517 1542 a.
589 1492 688 1541 lam
748 1490 1065 1556 paragrapho
1129 1489 1458 1556 praecedente
1517 1489 1739 1541 vidimus
1803 1489 2082 1541 incolarum
2145 1501 2360 1553 magnae

403 1588 528 1653 parti
576 1587 871 1653 impositum
918 1586 1076 1638 fuisse
1123 1590 1177 1636 ut
1222 1586 1496 1651 quotannis
1542 1601 1632 1653 per
1677 1586 1865 1651 quinos
1906 1585 2016 1636 dies
2049 1583 2113 1635 ad
2147 1597 2359 1650 aggeres

403 1685 668 1749 fossasque
703 1682 1002 1734 reficiendas
1037 1683 1334 1734 laborarent.
1378 1683 1639 1734 Praeterea
1673 1682 1867 1734 incolae
1902 1681 2156 1733 interdum
2176 1721 2188 1744 ,
2225 1679 2360 1746 regis

404 1780 649 1832 redi-tibus
695 1779 1073 1842 deficientibus,
1121 1779 1186 1830 ad
1235 1780 1496 1846 γεωργίαν
1540 1779 1813 1846 βασιλικῆς
1856 1783 1950 1846 γῆς
2000 1777 2213 1830 adhibiti
2248 1792 2360 1831 esse

403 1876 639 1927 videntur
671 1876 728 1940 2).

471 1972 678 2034 Quibus
714 1971 1014 2023 muneribus
1050 1986 1266 2036 magnus
1295 1971 1575 2023 incolarum
1608 1986 1853 2023 numerus
1882 1973 2146 2037 exemptus
2173 1971 2278 2021 erat
2291 1969 2334 2035 3)
2345 1986 2359 2035 3

403 2070 531 2121 inter
575 2084 707 2134 quos
753 2069 975 2134 primum
1013 2067 1183 2119 locum
1220 2068 1452 2120 obtinent
1484 2068 1828 2134 πρεσβύτεροι
1863 2067 1952 2120 καὶ
1987 2067 2235 2119 ἀδύνατοι
2268 2066 2360 2119 καὶ

402 2166 661 2232 νεώτεροι.
1877 2215 1881 2218 ⁴

469 2263 615 2314 Teste
649 2262 778 2328 Pap.
798 2262 966 2313 Paris.
1005 2275 1052 2311 n.
1072 2261 1136 2311 63
1167 2261 1477 2326 quibusdam
1515 2262 1888 2328 magistratibus
1924 2261 2361 2328 impositumerat

403 2365 457 2411 ut
507 2375 662 2426 opera
713 2359 840 2410 inter
887 2359 1077 2411 incolas
1119 2359 1491 2412 distribuerent.
1562 2359 1669 2420 Qui
1707 2359 2024 2425 magistratus
2059 2358 2212 2410 iidem
2242 2371 2359 2411 ,esse

403 2457 639 2508 videntur
682 2460 832 2522 atque
867 2457 910 2507 ei
959 2458 1150 2523 quibus
1194 2461 1350 2509 aetate
1399 2456 1627 2513 Romana
1674 2471 1863 2509 nomen
1899 2454 2207 2523 ἕπιτηρηταί,
2230 2457 2357 2518 erat,

403 2554 466 2604 de
512 2553 703 2619 quibus
749 2553 1060 2606 Wilckenius
1107 2554 1230 2606 haec
1274 2553 1416 2605 dicit:
1469 2554 1658 2607 „Diese
1700 2554 2139 2619 Saatinspectoren
2184 2553 2360 2605 hatten

401 2652 516 2702 also
562 2651 648 2702 die
689 2651 950 2717 Aufgabe,
986 2651 1086 2716 fiir
1125 2651 1211 2702 die
1251 2650 1566 2715 rect'ztzeitige
1597 2650 1931 2715 Herstellang
1958 2665 2084 2715 resp.
2118 2647 2358 2700 Instanti-

402 2748 625 2811 lzaltang
663 2746 755 2797 der
793 2747 877 2797 die
910 2748 1502 2814 Niltibersclzwemmang
1530 2747 1904 2812 regalierenden
1942 2747 2055 2797 und-
2084 2746 2248 2798 daher
2276 2744 2362 2798 die
2418 2744 2421 2747 ’

402 2844 536 2894 Saat
575 2843 974 2894 besclziitzenden
1020 2844 1242 2895 Dc'imme
1286 2844 1399 2894 und
1419 2867 1422 2870 ⁴
1440 2844 1644 2900 Kanc‘ile
1682 2859 1750 2894 za
1783 2858 1978 2908 sot-gen.
2031 2843 2119 2895 δίε
2149 2842 2276 2894 sind
2303 2856 2360 2894 ω

457 3096 492 3147 1)
550 3097 657 3138 Cod.
687 3098 845 3138 Theod.
881 3100 950 3147 11,
982 3100 1056 3148 24,
1087 3100 1124 3139 ὁ.

456 3172 492 3225 2)
549 3174 616 3216 Cf.
655 3175 764 3226 Pap.
804 3176 952 3216 Paris.
997 3177 1048 3217 63
1088 3177 1243 3227 (denuo
1283 3177 1394 3216 edita
1423 3188 1447 3217 a
1476 3176 1689 3228 Mahaffyo
1721 3177 1762 3217 in
1793 3177 1842 3217 Ρ.
1874 3177 1923 3217 P.
1958 3177 2036 3227 111,
2070 3177 2202 3219 Praei.
2234 3189 2275 3230 p.
2309 3179 2358 3225 19

403 3254 534 3305 sqq),
565 3255 608 3297 in
624 3265 708 3305 qua
726 3255 865 3305 agitur
888 3254 941 3294 de
959 3252 1280 3308 προστάγματι,
1311 3267 1396 3306 quo
1422 3256 1619 3295 omnibus
1638 3256 1786 3296 incolis
1803 3287 1812 3304 ‚
1844 3256 1897 3296 ad
1917 3267 2090 3312 munera
2111 3257 2359 3308 praestanda

403 3333 587 3381 idoneis,
619 3332 851 3373 iniunctum
882 3334 968 3373 erat
997 3334 1042 3373 ut
1069 3329 1305 3386 βασιλικὴν
1333 3337 1415 3386 γῆν
1443 3333 1638 3374 colerent.

461 3410 524 3450 De
552 3410 630 3450 hac
658 3421 817 3461 papyro
847 3410 898 3450 cf,
932 3410 1185 3459 Lumbroso,
1216 3410 1465 3455 Recherclzes
1493 3422 1535 3461 p.
1566 3412 1638 3460 89;
1671 3411 1878 3460 Wilcken,
1912 3411 1964 3452 G.
1999 3410 2052 3453 Ο.
2081 3423 2122 3463 p.
2154 3413 2243 3454 702.

455 3488 490 3538 3)
550 3489 852 3528 Enumerantur
881 3488 923 3527 in
952 3488 1058 3539 Pap.
1076 3488 1214 3528 Paris.
1245 3489 1317 3538 66,
1352 3489 1526 3538 10—38,
1567 3495 1674 3540 quae
1703 3490 1790 3540 agit
1819 3489 1872 3529 de
1898 3493 2172 3542 χωματικοῒς
2199 3486 2355 3544 ἔργοις.

405 3567 505 3606 Item
545 3566 699 3607 multos
738 3565 876 3616 operis
914 3566 1078 3606 rusticis
1117 3566 1278 3606 solutos
1316 3566 1443 3606 fuisse
1481 3569 1652 3617 apparet
1689 3578 1736 3606 ex
1774 3566 1882 3617 Pap.
1923 3566 2049 3610 Paris
2086 3566 2160 3616 63,
2201 3568 2244 3608 in
2272 3571 2357 3619 q'ua

405 3643 593 3684 Herodes
623 3643 808 3684 dioeceta
837 3644 1122 3694 magistratuS,
1164 3644 1316 3694 quibus
1346 3655 1517 3684 munera
1547 3644 1834 3685 distribuenda
1862 3644 2056 3685 mandata
2079 3646 2217 3694 erant,
2247 3641 2354 3687 ἇδυ-
2388 3682 2390 3684 .

402 3718 546 3766 νάτοις
575 3733 623 3762 ea
653 3722 866 3771 imponere
894 3723 1014 3761 vetat.
