2612 4412
1386 423 1445 472 18

433 593 543 629 esse
579 577 719 630 nomi
759 577 1027 644 Pathyritis
1063 577 1380 642 magistratus
1417 577 1652 629 certiores
1688 577 1841 641 fiunt5
1892 579 2019 630 inter
2053 595 2184 646 quos
2220 583 2385 634 nomi-

434 678 617 724 nantur
652 673 682 724 ὁ
718 673 988 739 ἐπιστάτης
1021 671 1334 738 Παθύρεως
1367 672 1456 723 καὶ
1493 713 1502 723 .
1534 714 1543 722 .
1577 713 1586 723 .
1622 713 1631 723 .
1669 671 1758 723 καὶ
1793 675 2263 741 τοπογραμματεὺς
2296 677 2387 729 καὶ

432 768 931 835 κωμογραμματεὺς
966 768 1055 819 καὶ
1090 768 1356 834 σιτολόγος
1391 768 1480 819 καὶ
1515 768 1818 835 τραπεζίτης
1847 768 1936 819 καὶ
1967 771 2018 820 οἳ
2043 772 2386 839 πρεσβύτεροι

431 869 536 917 τῶν
573 869 829 931 γεωργῶν
864 865 952 915 καὶ
989 865 1039 915 οἳ
1072 864 1216 916 ἄλλοι
1252 865 1303 915 οἵ
1331 863 1390 915 τὰ
1419 864 1661 938 βασιλικὰ
1689 865 2192 931 πραγματευόμενοι.
2232 868 2388 921 Deest

430 961 710 1013 comarcha.

498 1057 598 1109 Sed
635 1057 732 1108 iam
769 1056 834 1107 de
857 1057 1375 1122 κωμογραμματέως
1399 1060 1638 1122 potestate
1662 1057 1970 1109 disseremus
1994 1058 2388 1127 videbimusque

430 1153 555 1219 quid
591 1157 767 1220 papyri
805 1168 900 1205 nos
935 1153 1161 1204 doceant.

1380 1354 1433 1404 ll.

1119 1525 1157 1573 1.
1227 1524 1311 1574 De
1343 1524 1703 1575 tzomltzatione.

498 1695 601 1748 Uni
639 1710 700 1745 ex
734 1694 926 1760 κώμης
961 1693 1140 1745 incolis
1175 1709 1364 1745 munus
1400 1697 1918 1761 κωμογραμματέως
1945 1696 2169 1748 defertur
2190 1712 2220 1748 a
2242 1697 2384 1750 dioe-

426 1773 531 1843 ceta
564 1790 935 1853 AlexandrinO,
972 1790 1059 1855 qui
1097 1790 1250 1841 totius
1289 1791 1696 1842 Ptolemaeorum
1734 1793 1876 1857 regni
1912 1792 2039 1844 fisco
2075 1799 2292 1859 praeest:

492 1885 704 1961 ᾹΙεγχῆι
750 1889 843 1936 τῶι
888 1884 995 1935 ὑπὸ
1041 1889 1132 1936 τοῦ
1170 1885 1436 1952 διοικητοῦ
1473 1887 1874 1953 καθεσταμένωι
1909 1887 2045 1954 πρὸς
2078 1894 2158 1956 τῆι
2193 1908 2381 1956 κωμο-
2416 1888 2419 1890 ’

426 1983 772 2051 γραμματείαι
807 1980 1205 2047 Κερκεοσίρεως
1240 1981 1344 2032 κτλ.
1356 1983 1396 2046 1)
1411 2000 1423 2046 ;

492 2079 630 2131 unde
675 2082 880 2145 apparet
925 2083 1390 2144 κωμογραμματεῖ
1428 2083 1541 2130 ante
1588 2080 1762 2131 omnia
1805 2081 2099 2133 mandatum
2135 2081 2293 2133 fuisse
2326 2086 2385 2134 ut

424 2176 558 2242 regis
594 2174 874 2226 rationibus
910 2173 1210 2225 consuleret.

489 2274 707 2324 Vacante
732 2286 944 2322 munere
968 2271 1047 2322 vel
1071 2270 1332 2336 fungentis
1356 2275 1584 2337 tempore
1618 2276 1818 2338 peracto
1853 2272 2077 2324 dioeceta
2105 2273 2381 2338 βασιλικῶι

424 2373 723 2437 γραμματεῖ
763 2368 1014 2420 renuntiat
1058 2383 1334 2433 quemnam
1382 2369 1742 2432 nominaverit;
1792 2369 1874 2420 hic
1907 2351 2386 2437 τοπογραμ,ιιι·ιτέα,Ἰ

421 2465 894 2533 τοπογραμματεύς
929 2481 1046 2516 eum
1084 2466 1171 2530 qui
1204 2465 1493 2517 nominatus
1522 2469 1596 2517 est
1624 2481 1715 2532 per
1744 2466 1927 2518 litteras
1951 2467 2215 2519 certiorem
2239 2467 2380 2520 facit:

481 2561 869 2629 Ἀσκληπιάδης
912 2560 1132 2627 Μαρρεῖ
1171 2562 1382 2629 χαίρειν,
1437 2560 1650 2629 Μεγχῆι
1695 2566 1789 2613 τῶι
1834 2560 1940 2613 ὑπὸ
1981 2566 2073 2614 τοῦ
2111 2562 2381 2631 διοικητοῦ

421 2658 824 2724 καθεσταμένωι
859 2656 995 2723 πρὸς
1029 2662 1108 2724 τῆι
1141 2658 1651 2724 κωμογραμματείαι
1687 2656 2087 2726 Κερκεοσίρεως
2122 2699 2379 2711 ......
2413 2727 2415 2730 .

420 2754 706 2821 μετά[δ]ος
741 2753 802 2804 τὰ
837 2759 927 2820 τῆς
960 2755 1138 2821 χρείας
1174 2754 1534 2821 γράμματα2);
2046 2755 2048 2757 ’

487 2867 547 2903 ex
590 2851 780 2917 quibus
822 2853 869 2901 et
903 2849 1175 2915 βασιλικὸν
1210 2851 1522 2917 γραμματέα
1558 2854 1606 2902 et
1640 2853 2086 2918 τοπογραμματέα
2123 2853 2174 2904 in
2211 2854 2378 2906 nomi-

420 2947 602 2999 nandis
637 2950 1161 3013 κωμογραμματεῦσι
1198 2946 1414 2998 multum
1451 2947 1668 2999 valuisse
1703 2948 1870 3014 colligi
1909 2952 2084 3015 potest.

472 3215 508 3267 1)
565 3216 672 3267 Pap.
710 3215 818 3256 Tebt.
853 3216 895 3266 1,
933 3217 992 3256 10.

471 3294 615 3343 Testa,
659 3294 964 3334 Hermonthide
1000 3294 1186 3342 inventa,
1227 3295 1314 3344 agit
1344 3295 1395 3334 de
1438 3295 1569 3335 multa
1612 3298 2000 3348 κωμογραμματεΐ
2023 3307 2048 3335 a
2077 3295 2264 3336 dioeceta
2293 3296 2375 3336 im-

417 3372 577 3421 posita,
609 3372 662 3412 cf.
694 3371 879 3411 Wilcken
913 3371 964 3411 G.
1000 3370 1051 3411 Ο.
1085 3371 1135 3420 ΙΙ,
1169 3383 1210 3411 n.
1231 3372 1343 3412 1615.

472 3449 508 3499 2)
563 3449 671 3500 Pap.
708 3449 818 3490 Tebt.
852 3450 890 3499 Ι,
926 3451 991 3489 10.

471 3528 650 3567 Marrem
691 3524 1054 3580 τοπογραμματέα
1094 3539 1182 3568 esse
1210 3530 1382 3578 apparet
1411 3540 1459 3568 ex
1490 3528 1761 3579 inscriptione
1790 3540 1897 3579 quae
1926 3532 1987 3569 est
2017 3529 2073 3570 in*
2089 3540 2233 3570 aversa
2259 3529 2371 3579 epis·

415 3606 526 3646 tolae
568 3607 709 3656 parte:
759 3604 1148 3658 τοπογρίαμματεῒ)
1192 3603 1399 3658 Μαρρεῖ;
1452 3606 1550 3646 huic
1592 3606 1908 3656 magistratuum
1953 3607 2214 3657 superiorum
2260 3606 2371 3646 iussa

413 3680 644 3736 βασιλικὸς
673 3680 954 3736 γραμματεύς
989 3683 1151 3723 mittere
1179 3683 1307 3733 solet,
1349 3683 1399 3723 cf.
1430 3682 1537 3734 Pap.
1575 3683 1684 3723 Tebt.
1718 3684 1756 3733 1,
1787 3684 1860 3731 31;
1891 3684 1998 3734 Pap.
2036 3684 2161 3724 Taar.
2195 3683 2234 3733 1,
2263 3685 2313 3732 4,
2344 3665 2374 3724 5

415 3772 516 3811 sqq;
548 3760 655 3811 Pap.
687 3760 793 3801 Lille
820 3760 859 3810 I,
892 3761 932 3811 l,
961 3762 1009 3810 3,
1041 3762 1208 3802 70—85.
