<?xml version="1.0" encoding="UTF-8"?>
<!DOCTYPE html PUBLIC "-//W3C//DTD XHTML 1.0 Transitional//EN"
    "http://www.w3.org/TR/xhtml1/DTD/xhtml1-transitional.dtd">
<html xmlns="http://www.w3.org/1999/xhtml" xml:lang="en" lang="en">
 <head>
  <title>
</title>
<meta http-equiv="Content-Type" content="text/html;charset=utf-8" />
  <meta name='ocr-system' content='tesseract 3.04.00' />
  <meta name='ocr-capabilities' content='ocr_page ocr_carea ocr_par ocr_line ocrx_word'/>
</head>
<body>
  <div class='ocr_page' id='page_1' title='image "./deaegyptiarumkmn00engeuoft_0009.png"; bbox 0 0 2612 4412; ppageno 0'>
   <div class='ocr_carea' id='block_1_1' title="bbox 845 937 1547 999">
    <p class='ocr_par' dir='ltr' id='par_1_1' title="bbox 845 937 1547 999">
     <span class='ocr_line' id='line_1_1' title="bbox 845 937 1547 999; baseline 0.003 -2"><span class='ocrx_word' id='word_1_1' title='bbox 845 937 1547 999; x_wconf 86' lang='lat' dir='ltr'><strong>ARGUMENTUM.</strong></span> 
     </span>
    </p>
   </div>
   <div class='ocr_carea' id='block_1_2' title="bbox 219 1156 2175 3698">
    <p class='ocr_par' dir='ltr' id='par_1_2' title="bbox 219 1156 2175 3698">
     <span class='ocr_line' id='line_1_2' title="bbox 2074 1156 2173 1207; baseline -0.02 -10"><span class='ocrx_word' id='word_1_2' title='bbox 2074 1156 2173 1207; x_wconf 88' lang='lat' dir='ltr'>Pag.</span> 
     </span>
     <span class='ocr_line' id='line_1_3' title="bbox 221 1227 817 1282; baseline 0 -1"><span class='ocrx_word' id='word_1_3' title='bbox 221 1227 415 1281; x_wconf 78' lang='lat' dir='ltr'>CAPUT</span> <span class='ocrx_word' id='word_1_4' title='bbox 451 1229 484 1280; x_wconf 90' lang='lat'>1.</span> <span class='ocrx_word' id='word_1_5' title='bbox 556 1229 817 1282; x_wconf 84' lang='lat' dir='ltr'>Praefatio.</span> 
     </span>
     <span class='ocr_line' id='line_1_4' title="bbox 359 1317 2167 1372; baseline 0.002 -4"><span class='ocrx_word' id='word_1_6' title='bbox 359 1319 399 1369; x_wconf 93' lang='grc'>1.</span> <span class='ocrx_word' id='word_1_7' title='bbox 472 1317 553 1369; x_wconf 94' lang='lat' dir='ltr'>De</span> <span class='ocrx_word' id='word_1_8' title='bbox 588 1317 818 1371; x_wconf 82' lang='lat' dir='ltr'>fontibus</span> <span class='ocrx_word' id='word_1_9' title='bbox 876 1360 2040 1372; x_wconf 86' lang='lat'><strong>...............</strong></span> <span class='ocrx_word' id='word_1_10' title='bbox 2149 1321 2167 1370; x_wconf 94' lang='lat'>1</span> 
     </span>
     <span class='ocr_line' id='line_1_5' title="bbox 354 1406 2175 1461; baseline 0.001 -3"><span class='ocrx_word' id='word_1_11' title='bbox 354 1407 400 1458; x_wconf 89' lang='grc'>2.</span> <span class='ocrx_word' id='word_1_12' title='bbox 473 1406 553 1458; x_wconf 92' lang='lat' dir='ltr'>De</span> <span class='ocrx_word' id='word_1_13' title='bbox 587 1407 1024 1460; x_wconf 86' lang='lat' dir='ltr'>administratione</span> <span class='ocrx_word' id='word_1_14' title='bbox 1045 1449 2041 1461; x_wconf 92' lang='grc'><strong>.............</strong></span> <span class='ocrx_word' id='word_1_15' title='bbox 2144 1411 2175 1459; x_wconf 91' lang='grc'>7</span> 
     </span>
     <span class='ocr_line' id='line_1_6' title="bbox 353 1495 2167 1564; baseline 0.001 -17"><span class='ocrx_word' id='word_1_16' title='bbox 353 1496 399 1547; x_wconf 87' lang='grc'>3.</span> <span class='ocrx_word' id='word_1_17' title='bbox 473 1495 554 1547; x_wconf 92' lang='lat' dir='ltr'>De</span> <span class='ocrx_word' id='word_1_18' title='bbox 588 1496 703 1549; x_wconf 90' lang='lat' dir='ltr'>solo</span> <span class='ocrx_word' id='word_1_19' title='bbox 738 1497 952 1563; x_wconf 90' lang='lat' dir='ltr'>eiusque</span> <span class='ocrx_word' id='word_1_20' title='bbox 986 1497 1256 1564; x_wconf 86' lang='lat' dir='ltr'>partitione</span> <span class='ocrx_word' id='word_1_21' title='bbox 1291 1539 2040 1550; x_wconf 90' lang='grc'><strong>..........</strong></span> <span class='ocrx_word' id='word_1_22' title='bbox 2115 1500 2167 1550; x_wconf 95' lang='grc'>11</span> 
     </span>
     <span class='ocr_line' id='line_1_7' title="bbox 219 1581 1163 1653; baseline 0.002 -17"><span class='ocrx_word' id='word_1_23' title='bbox 219 1581 415 1636; x_wconf 85' lang='lat' dir='ltr'><strong>CAPUT</strong></span> <span class='ocrx_word' id='word_1_24' title='bbox 451 1585 507 1635; x_wconf 90' lang='lat' dir='ltr'>ll.</span> <span class='ocrx_word' id='word_1_25' title='bbox 579 1585 660 1637; x_wconf 89' lang='lat' dir='ltr'>De</span> <span class='ocrx_word' id='word_1_26' title='bbox 693 1591 1163 1653; x_wconf 82' lang='grc' dir='ltr'><em>κωμογραμματεΐ.</em></span> 
     </span>
     <span class='ocr_line' id='line_1_8' title="bbox 377 1673 2175 1729; baseline 0.002 -5"><span class='ocrx_word' id='word_1_27' title='bbox 377 1673 410 1724; x_wconf 89' lang='lat'>1.</span> <span class='ocrx_word' id='word_1_28' title='bbox 482 1673 734 1727; x_wconf 86' lang='lat' dir='ltr'>Praefatio</span> <span class='ocrx_word' id='word_1_29' title='bbox 799 1716 2040 1729; x_wconf 91' lang='grc'><strong>................</strong></span> <span class='ocrx_word' id='word_1_30' title='bbox 2115 1677 2175 1728; x_wconf 83' lang='grc'>16</span> 
     </span>
     <span class='ocr_line' id='line_1_9' title="bbox 354 1762 2175 1818; baseline 0.002 -5"><span class='ocrx_word' id='word_1_31' title='bbox 354 1762 409 1814; x_wconf 89' lang='grc' dir='ltr'>ΙΙ.</span> <span class='ocrx_word' id='word_1_32' title='bbox 1039 1805 2039 1818; x_wconf 88' lang='grc'><strong>.............</strong></span> <span class='ocrx_word' id='word_1_33' title='bbox 2115 1767 2175 1816; x_wconf 90' lang='grc'>18</span> 
     </span>
     <span class='ocr_line' id='line_1_10' title="bbox 422 1851 2174 1906; baseline 0.002 -4"><span class='ocrx_word' id='word_1_34' title='bbox 422 1852 463 1902; x_wconf 94' lang='grc'>1.</span> <span class='ocrx_word' id='word_1_35' title='bbox 536 1851 617 1904; x_wconf 92' lang='lat' dir='ltr'>De</span> <span class='ocrx_word' id='word_1_36' title='bbox 651 1853 1002 1905; x_wconf 88' lang='lat' dir='ltr'>nominatione</span> <span class='ocrx_word' id='word_1_37' title='bbox 1037 1893 2038 1906; x_wconf 88' lang='grc'><strong>.............</strong></span> <span class='ocrx_word' id='word_1_38' title='bbox 2115 1856 2174 1906; x_wconf 91' lang='grc'>18</span> 
     </span>
     <span class='ocr_line' id='line_1_11' title="bbox 417 1941 2174 2009; baseline 0.001 -17"><span class='ocrx_word' id='word_1_39' title='bbox 417 1942 464 1992; x_wconf 89' lang='grc'>2.</span> <span class='ocrx_word' id='word_1_40' title='bbox 537 1941 617 1993; x_wconf 93' lang='lat' dir='ltr'>De</span> <span class='ocrx_word' id='word_1_41' title='bbox 653 1942 881 1994; x_wconf 89' lang='lat' dir='ltr'>muneris</span> <span class='ocrx_word' id='word_1_42' title='bbox 915 1945 1147 2009; x_wconf 89' lang='lat' dir='ltr'>tempore</span> <span class='ocrx_word' id='word_1_43' title='bbox 1205 1982 2039 1996; x_wconf 89' lang='grc'><strong>...........</strong></span> <span class='ocrx_word' id='word_1_44' title='bbox 2114 1945 2174 1995; x_wconf 88' lang='grc'>19</span> 
     </span>
     <span class='ocr_line' id='line_1_12' title="bbox 417 2030 2175 2084; baseline 0.002 -3"><span class='ocrx_word' id='word_1_45' title='bbox 417 2030 463 2081; x_wconf 89' lang='grc'>3.</span> <span class='ocrx_word' id='word_1_46' title='bbox 537 2030 618 2082; x_wconf 94' lang='lat' dir='ltr'>De</span> <span class='ocrx_word' id='word_1_47' title='bbox 653 2031 1019 2083; x_wconf 88' lang='lat' dir='ltr'>nominationis</span> <span class='ocrx_word' id='word_1_48' title='bbox 1053 2031 1450 2084; x_wconf 86' lang='lat' dir='ltr'>condicionibus</span> <span class='ocrx_word' id='word_1_49' title='bbox 1536 2072 2039 2084; x_wconf 88' lang='grc'><strong>.......</strong></span> <span class='ocrx_word' id='word_1_50' title='bbox 2115 2034 2175 2084; x_wconf 88' lang='lat'>19</span> 
     </span>
     <span class='ocr_line' id='line_1_13' title="bbox 419 2119 2175 2181; baseline 0.002 -11"><span class='ocrx_word' id='word_1_51' title='bbox 419 2120 466 2170; x_wconf 86' lang='lat'>4.</span> <span class='ocrx_word' id='word_1_52' title='bbox 536 2119 745 2181; x_wconf 86' lang='lat' dir='ltr'>Quibus</span> <span class='ocrx_word' id='word_1_53' title='bbox 781 2135 972 2172; x_wconf 91' lang='lat' dir='ltr'>munus</span> <span class='ocrx_word' id='word_1_54' title='bbox 1006 2120 1260 2172; x_wconf 84' lang='lat' dir='ltr'>deferatur</span> <span class='ocrx_word' id='word_1_55' title='bbox 1290 2161 2039 2173; x_wconf 92' lang='grc'><strong>..........</strong></span> <span class='ocrx_word' id='word_1_56' title='bbox 2109 2124 2175 2174; x_wconf 88' lang='grc'>20</span> 
     </span>
     <span class='ocr_line' id='line_1_14' title="bbox 419 2207 2175 2263; baseline 0.002 -4"><span class='ocrx_word' id='word_1_57' title='bbox 419 2209 465 2259; x_wconf 93' lang='grc'>5.</span> <span class='ocrx_word' id='word_1_58' title='bbox 538 2207 618 2261; x_wconf 92' lang='lat' dir='ltr'>De</span> <span class='ocrx_word' id='word_1_59' title='bbox 651 2208 834 2262; x_wconf 89' lang='lat' dir='ltr'>salario</span> <span class='ocrx_word' id='word_1_60' title='bbox 871 2249 881 2260; x_wconf 90' lang='lat'><strong><em>.</em></strong></span> <span class='ocrx_word' id='word_1_61' title='bbox 911 2248 913 2250; x_wconf 82' lang='grc'>-</span> <span class='ocrx_word' id='word_1_62' title='bbox 953 2250 2039 2263; x_wconf 91' lang='grc'><strong>..............</strong></span> <span class='ocrx_word' id='word_1_63' title='bbox 2109 2213 2175 2263; x_wconf 88' lang='grc'>20</span> 
     </span>
     <span class='ocr_line' id='line_1_15' title="bbox 332 2295 2167 2365; baseline 0.003 -18"><span class='ocrx_word' id='word_1_64' title='bbox 332 2295 411 2348; x_wconf 91' lang='lat'>111.</span> <span class='ocrx_word' id='word_1_65' title='bbox 483 2295 563 2349; x_wconf 90' lang='lat' dir='ltr'>De</span> <span class='ocrx_word' id='word_1_66' title='bbox 596 2299 1119 2365; x_wconf 82' lang='grc' dir='ltr'><em>κωμογραμματέως</em></span> <span class='ocrx_word' id='word_1_67' title='bbox 1154 2299 1457 2352; x_wconf 87' lang='lat' dir='ltr'>muneribus</span> <span class='ocrx_word' id='word_1_68' title='bbox 1536 2339 2040 2352; x_wconf 90' lang='grc'><strong>.......</strong></span> <span class='ocrx_word' id='word_1_69' title='bbox 2109 2303 2167 2352; x_wconf 88' lang='grc'>21</span> 
     </span>
     <span class='ocr_line' id='line_1_16' title="bbox 423 2386 2042 2455; baseline 0.003 -18"><span class='ocrx_word' id='word_1_70' title='bbox 423 2386 463 2437; x_wconf 92' lang='grc'>1.</span> <span class='ocrx_word' id='word_1_71' title='bbox 535 2386 616 2439; x_wconf 94' lang='lat' dir='ltr'>De</span> <span class='ocrx_word' id='word_1_72' title='bbox 677 2389 1199 2455; x_wconf 82' lang='grc' dir='ltr'><em>κωμογραμματέως</em></span> <span class='ocrx_word' id='word_1_73' title='bbox 1251 2389 1556 2442; x_wconf 91' lang='lat' dir='ltr'>muneribus</span> <span class='ocrx_word' id='word_1_74' title='bbox 1607 2389 1658 2440; x_wconf 90' lang='lat' dir='ltr'>in</span> <span class='ocrx_word' id='word_1_75' title='bbox 1712 2389 2042 2455; x_wconf 89' lang='lat' dir='ltr'>vectigalibus</span> 
     </span>
     <span class='ocr_line' id='line_1_17' title="bbox 533 2475 2166 2542; baseline 0.002 -15"><span class='ocrx_word' id='word_1_76' title='bbox 533 2475 800 2542; x_wconf 89' lang='lat' dir='ltr'>exigendis</span> <span class='ocrx_word' id='word_1_77' title='bbox 869 2516 2038 2530; x_wconf 89' lang='grc'><strong>...............</strong></span> <span class='ocrx_word' id='word_1_78' title='bbox 2109 2481 2166 2530; x_wconf 89' lang='grc'>21</span> 
     </span>
     <span class='ocr_line' id='line_1_18' title="bbox 416 2564 2041 2633; baseline 0.004 -19"><span class='ocrx_word' id='word_1_79' title='bbox 416 2564 463 2615; x_wconf 89' lang='grc'>2.</span> <span class='ocrx_word' id='word_1_80' title='bbox 536 2564 617 2616; x_wconf 91' lang='lat' dir='ltr'>De</span> <span class='ocrx_word' id='word_1_81' title='bbox 663 2567 1185 2633; x_wconf 84' lang='grc' dir='ltr'><em>κωμογραμματέως</em></span> <span class='ocrx_word' id='word_1_82' title='bbox 1233 2567 1535 2620; x_wconf 86' lang='lat' dir='ltr'>muneribus</span> <span class='ocrx_word' id='word_1_83' title='bbox 1582 2567 1635 2619; x_wconf 89' lang='lat' dir='ltr'>in</span> <span class='ocrx_word' id='word_1_84' title='bbox 1682 2567 1816 2633; x_wconf 89' lang='lat' dir='ltr'>regis</span> <span class='ocrx_word' id='word_1_85' title='bbox 1858 2582 2041 2621; x_wconf 90' lang='lat' dir='ltr'>mono-</span> 
     </span>
     <span class='ocr_line' id='line_1_19' title="bbox 533 2653 2174 2725; baseline 0.002 -18"><span class='ocrx_word' id='word_1_86' title='bbox 533 2653 686 2725; x_wconf 91' lang='lat' dir='ltr'>poliis</span> <span class='ocrx_word' id='word_1_87' title='bbox 720 2655 1063 2708; x_wconf 88' lang='lat' dir='ltr'>sustentandis</span> <span class='ocrx_word' id='word_1_88' title='bbox 1122 2696 2039 2709; x_wconf 92' lang='grc'><strong>............</strong></span> <span class='ocrx_word' id='word_1_89' title='bbox 2110 2659 2174 2710; x_wconf 88' lang='grc'>29</span> 
     </span>
     <span class='ocr_line' id='line_1_20' title="bbox 416 2741 2040 2812; baseline 0.002 -18"><span class='ocrx_word' id='word_1_90' title='bbox 416 2741 462 2793; x_wconf 87' lang='grc'>3.</span> <span class='ocrx_word' id='word_1_91' title='bbox 536 2742 617 2796; x_wconf 93' lang='lat' dir='ltr'>De</span> <span class='ocrx_word' id='word_1_92' title='bbox 665 2745 1190 2812; x_wconf 80' lang='grc' dir='ltr'><em>κωμογραμματέως</em></span> <span class='ocrx_word' id='word_1_93' title='bbox 1237 2745 1289 2796; x_wconf 92' lang='lat' dir='ltr'>in</span> <span class='ocrx_word' id='word_1_94' title='bbox 1326 2749 1457 2797; x_wconf 89' lang='lat' dir='ltr'>terra</span> <span class='ocrx_word' id='word_1_95' title='bbox 1491 2745 1894 2798; x_wconf 87' lang='lat' dir='ltr'>administranda</span> <span class='ocrx_word' id='word_1_96' title='bbox 1928 2761 2040 2798; x_wconf 91' lang='lat' dir='ltr'>mu-</span> 
     </span>
     <span class='ocr_line' id='line_1_21' title="bbox 536 2833 2166 2888; baseline 0.002 -4"><span class='ocrx_word' id='word_1_97' title='bbox 536 2833 749 2887; x_wconf 85' lang='lat' dir='ltr'>neribus</span> <span class='ocrx_word' id='word_1_98' title='bbox 796 2874 2039 2888; x_wconf 90' lang='grc'><strong>................</strong></span> <span class='ocrx_word' id='word_1_99' title='bbox 2110 2837 2166 2888; x_wconf 90' lang='grc'>31</span> 
     </span>
     <span class='ocr_line' id='line_1_22' title="bbox 603 2923 2167 2990; baseline 0.001 -15"><span class='ocrx_word' id='word_1_100' title='bbox 603 2937 652 2975; x_wconf 86' lang='lat' dir='ltr'>a.</span> <span class='ocrx_word' id='word_1_101' title='bbox 724 2924 805 2976; x_wconf 93' lang='lat' dir='ltr'>De</span> <span class='ocrx_word' id='word_1_102' title='bbox 839 2939 1084 2990; x_wconf 89' lang='lat' dir='ltr'>agrorum</span> <span class='ocrx_word' id='word_1_103' title='bbox 1121 2923 1500 2977; x_wconf 87' lang='lat' dir='ltr'>commentariis</span> <span class='ocrx_word' id='word_1_104' title='bbox 1536 2965 2039 2978; x_wconf 90' lang='grc'><strong>.......</strong></span> <span class='ocrx_word' id='word_1_105' title='bbox 2110 2927 2167 2977; x_wconf 83' lang='grc'>31</span> 
     </span>
     <span class='ocr_line' id='line_1_23' title="bbox 598 3012 2173 3067; baseline 0.001 -2"><span class='ocrx_word' id='word_1_106' title='bbox 598 3012 646 3065; x_wconf 82' lang='lat' dir='ltr'>b.</span> <span class='ocrx_word' id='word_1_107' title='bbox 718 3013 800 3065; x_wconf 92' lang='lat' dir='ltr'>De</span> <span class='ocrx_word' id='word_1_108' title='bbox 834 3013 1020 3066; x_wconf 89' lang='lat' dir='ltr'>annuis</span> <span class='ocrx_word' id='word_1_109' title='bbox 1055 3013 1388 3067; x_wconf 89' lang='lat' dir='ltr'>relationibus</span> <span class='ocrx_word' id='word_1_110' title='bbox 1451 3053 2039 3067; x_wconf 89' lang='grc'><strong>........</strong></span> <span class='ocrx_word' id='word_1_111' title='bbox 2110 3016 2173 3066; x_wconf 85' lang='grc'>33</span> 
     </span>
     <span class='ocr_line' id='line_1_24' title="bbox 599 3102 2174 3170; baseline 0.001 -17"><span class='ocrx_word' id='word_1_112' title='bbox 599 3116 637 3153; x_wconf 90' lang='lat' dir='ltr'>c.</span> <span class='ocrx_word' id='word_1_113' title='bbox 721 3102 802 3154; x_wconf 93' lang='lat' dir='ltr'>De</span> <span class='ocrx_word' id='word_1_114' title='bbox 838 3102 1142 3155; x_wconf 90' lang='lat' dir='ltr'>relationum</span> <span class='ocrx_word' id='word_1_115' title='bbox 1180 3103 1532 3170; x_wconf 86' lang='lat' dir='ltr'>recognitione</span> <span class='ocrx_word' id='word_1_116' title='bbox 1618 3144 2039 3156; x_wconf 92' lang='grc'><strong>......</strong></span> <span class='ocrx_word' id='word_1_117' title='bbox 2110 3106 2174 3155; x_wconf 84' lang='grc'>37</span> 
     </span>
     <span class='ocr_line' id='line_1_25' title="bbox 601 3191 2174 3259; baseline 0.002 -17"><span class='ocrx_word' id='word_1_118' title='bbox 601 3192 650 3242; x_wconf 81' lang='lat' dir='ltr'>d.</span> <span class='ocrx_word' id='word_1_119' title='bbox 719 3191 800 3243; x_wconf 91' lang='lat' dir='ltr'>De</span> <span class='ocrx_word' id='word_1_120' title='bbox 834 3191 1297 3259; x_wconf 82' lang='grc' dir='ltr'><em>προσαγγέλμασιν</em></span> <span class='ocrx_word' id='word_1_121' title='bbox 1373 3233 2039 3245; x_wconf 91' lang='grc'><strong>.........</strong></span> <span class='ocrx_word' id='word_1_122' title='bbox 2109 3195 2174 3245; x_wconf 87' lang='grc'>38</span> 
     </span>
     <span class='ocr_line' id='line_1_26' title="bbox 602 3272 2174 3327; baseline 0.002 -3"><span class='ocrx_word' id='word_1_123' title='bbox 602 3287 642 3325; x_wconf 83' lang='grc' dir='ltr'>ε.</span> <span class='ocrx_word' id='word_1_124' title='bbox 714 3272 795 3325; x_wconf 93' lang='lat' dir='ltr'>De</span> <span class='ocrx_word' id='word_1_125' title='bbox 830 3276 990 3326; x_wconf 86' lang='lat' dir='ltr'>terrae</span> <span class='ocrx_word' id='word_1_126' title='bbox 1025 3273 1384 3326; x_wconf 85' lang='lat' dir='ltr'>distributione</span> <span class='ocrx_word' id='word_1_127' title='bbox 1419 3278 1466 3327; x_wconf 90' lang='lat' dir='ltr'>et</span> <span class='ocrx_word' id='word_1_128' title='bbox 1501 3274 1748 3327; x_wconf 89' lang='lat' dir='ltr'>locatione</span> <span class='ocrx_word' id='word_1_129' title='bbox 1782 3316 1794 3326; x_wconf 90' lang='lat'><strong>.</strong></span> <span class='ocrx_word' id='word_1_130' title='bbox 1865 3316 1876 3326; x_wconf 91' lang='lat'>.</span> <span class='ocrx_word' id='word_1_131' title='bbox 1947 3315 1958 3327; x_wconf 89' lang='lat'><strong>.</strong></span> <span class='ocrx_word' id='word_1_132' title='bbox 2028 3316 2038 3327; x_wconf 93' lang='lat'><strong>.</strong></span> <span class='ocrx_word' id='word_1_133' title='bbox 2110 3277 2174 3327; x_wconf 84' lang='lat'>38</span> 
     </span>
     <span class='ocr_line' id='line_1_27' title="bbox 592 3362 2040 3430; baseline 0.002 -17"><span class='ocrx_word' id='word_1_134' title='bbox 592 3362 639 3428; x_wconf 90' lang='lat' dir='ltr'>s.</span> <span class='ocrx_word' id='word_1_135' title='bbox 710 3362 1004 3429; x_wconf 80' lang='lat' dir='ltr'>Appendix,</span> <span class='ocrx_word' id='word_1_136' title='bbox 1067 3378 1226 3429; x_wconf 89' lang='lat' dir='ltr'>agens</span> <span class='ocrx_word' id='word_1_137' title='bbox 1288 3363 1354 3416; x_wconf 94' lang='lat' dir='ltr'>de</span> <span class='ocrx_word' id='word_1_138' title='bbox 1416 3364 1716 3430; x_wconf 85' lang='lat' dir='ltr'>quaestione</span> <span class='ocrx_word' id='word_1_139' title='bbox 1771 3379 1836 3416; x_wconf 89' lang='lat' dir='ltr'>an</span> <span class='ocrx_word' id='word_1_140' title='bbox 1892 3364 2040 3416; x_wconf 90' lang='lat' dir='ltr'>etiam</span> 
     </span>
     <span class='ocr_line' id='line_1_28' title="bbox 701 3451 2042 3520; baseline 0.001 -18"><span class='ocrx_word' id='word_1_141' title='bbox 701 3451 1178 3518; x_wconf 84' lang='grc' dir='ltr'><em>τοπογραμματεύς</em></span> <span class='ocrx_word' id='word_1_142' title='bbox 1245 3456 1293 3504; x_wconf 88' lang='lat' dir='ltr'>et</span> <span class='ocrx_word' id='word_1_143' title='bbox 1358 3452 1628 3518; x_wconf 84' lang='grc' dir='ltr'><em>βασιλικὸς</em></span> <span class='ocrx_word' id='word_1_144' title='bbox 1704 3452 2042 3520; x_wconf 84' lang='grc' dir='ltr'><strong><em>γραμματεύς</em></strong></span> 
     </span>
     <span class='ocr_line' id='line_1_29' title="bbox 707 3540 2175 3608; baseline 0.003 -17"><span class='ocrx_word' id='word_1_145' title='bbox 707 3541 1061 3608; x_wconf 83' lang='grc' dir='ltr'><strong><em>καταγραφήν</em></strong></span> <span class='ocrx_word' id='word_1_146' title='bbox 1095 3540 1365 3594; x_wconf 86' lang='lat' dir='ltr'>habuerint</span> <span class='ocrx_word' id='word_1_147' title='bbox 1456 3582 2038 3594; x_wconf 88' lang='grc'><strong>........</strong></span> <span class='ocrx_word' id='word_1_148' title='bbox 2108 3544 2175 3595; x_wconf 83' lang='grc'>40</span> 
     </span>
     <span class='ocr_line' id='line_1_30' title="bbox 707 3630 2174 3698; baseline 0.002 -17"><span class='ocrx_word' id='word_1_149' title='bbox 707 3647 757 3681; x_wconf 91' lang='grc' dir='ltr'>α.</span> <span class='ocrx_word' id='word_1_150' title='bbox 829 3630 911 3682; x_wconf 91' lang='lat' dir='ltr'>De</span> <span class='ocrx_word' id='word_1_151' title='bbox 945 3635 1382 3698; x_wconf 83' lang='grc' dir='ltr'><em>τοπογραμματεῖ</em></span> <span class='ocrx_word' id='word_1_152' title='bbox 1455 3672 2037 3684; x_wconf 89' lang='grc'><strong>........</strong></span> <span class='ocrx_word' id='word_1_153' title='bbox 2108 3634 2174 3685; x_wconf 83' lang='grc'>40</span> 
     </span>
    </p>
   </div>
   <div class='ocr_carea' id='block_1_3' title="bbox 705 3718 2172 3788">
    <p class='ocr_par' dir='ltr' id='par_1_3' title="bbox 705 3718 2172 3788">
     <span class='ocr_line' id='line_1_31' title="bbox 705 3718 2172 3788; baseline 0.002 -17"><span class='ocrx_word' id='word_1_154' title='bbox 705 3719 758 3785; x_wconf 86' lang='grc' dir='ltr'>β.</span> <span class='ocrx_word' id='word_1_155' title='bbox 828 3718 910 3771; x_wconf 92' lang='lat' dir='ltr'>De</span> <span class='ocrx_word' id='word_1_156' title='bbox 943 3720 1205 3788; x_wconf 75' lang='grc' dir='ltr'><strong><em>βασιλικῷ</em></strong></span> <span class='ocrx_word' id='word_1_157' title='bbox 1241 3726 1542 3788; x_wconf 84' lang='grc' dir='ltr'><em>γραμματεῖ</em></span> <span class='ocrx_word' id='word_1_158' title='bbox 1621 3762 2039 3774; x_wconf 91' lang='grc'><strong>......</strong></span> <span class='ocrx_word' id='word_1_159' title='bbox 2108 3724 2172 3774; x_wconf 83' lang='grc'>43</span> 
     </span>
    </p>
   </div>
  </div>
 </body>
</html>
