2612 4412
1341 411 1372 457 4

443 568 507 619 Se
548 568 759 616 uuntur:

445 583 707 726 „Psclzpyras
752 659 1124 725 ptole'maiques
1176 658 1247 708 da
1286 658 1470 708 Mase‘e
1513 656 1898 719 d’Alexandrie,
1952 656 2111 707 editae
2146 673 2175 707 a
2209 673 2254 708 v.
2290 673 2331 708 c.

373 760 430 809 A.
466 758 594 808 Botti
634 758 685 807 in
726 756 889 809 „BalL
927 756 990 805 de
1024 755 1076 805 la
1111 754 1220 805 Soc.
1250 753 1463 804 arclze‘ol.
1494 752 1882 803 d’Alexandrie'’
1918 753 1981 815 ll,
2015 768 2098 818 pp.
2118 753 2330 804 65-73.

374 856 537 920 (Pap.
584 853 775 917 Alex.)

444 951 581 1005 „lee
622 949 866 1000 Amlzerst
909 947 1141 1013 Papyrffl,
1192 946 1352 997 editae
1398 961 1427 996 a
1462 961 1507 996 v.
1545 929 1583 996 css
1621 944 1852 996 Grenfell
1900 947 1948 995 et
1985 944 2154 1007 Hunt;
2200 958 2332 1009 quae

373 1047 547 1114 papyri
584 1049 728 1097 antea
764 1045 891 1095 inter
927 1044 1064 1095 bona
1098 1059 1143 1093 v.
1182 1059 1222 1093 e.
1268 1041 1402 1093 Lord
1438 1041 1675 1092 Amherst
1709 1055 1847 1091 nunc
1881 1041 2244 1091 conservantur
2278 1039 2330 1090 in

374 1146 557 1196 Museo
610 1141 913 1193 Britannico.
984 1139 1259 1191 Volumine
1297 1139 1313 1188 Ι
1351 1138 1525 1204 papyri
1564 1137 1885 1189 continentur
1919 1135 1981 1186 ad
2018 1134 2101 1186 dei
2136 1138 2330 1186 tantum

372 1240 562 1292 cultum
611 1237 940 1304 pertinentes,
988 1235 1251 1287 volumine
1301 1235 1338 1284 ΙΙ
1389 1249 1504 1284 cum
1552 1235 1833 1299 fragmenta
1867 1231 2171 1298 scriptorum
2206 1231 2332 1283 anti-

372 1351 595 1401 quorum
649 1338 755 1384 tum
811 1333 1110 1398 diplomata,
1165 1346 1387 1396 quorum
1437 1346 1484 1380 n.
1527 1330 1725 1380 29-62
1776 1328 1958 1395 scripta
2014 1331 2133 1378 sunt
2177 1329 2332 1378 aetate

374 1432 797 1483 Ptolemaeorum.
837 1429 898 1493 (P
912 1444 941 1479 a
954 1444 1000 1494 p.
1037 1428 1080 1478 A
1096 1443 1145 1477 m
1161 1427 1194 1477 h
1211 1442 1237 1477 e
1251 1443 1275 1477 r
1287 1427 1376 1490 st.)

442 1559 463 1581 ι,
479 1527 580 1578 lee
614 1525 850 1576 Tebtunis
869 1524 1102 1589 Papyri'’,
1133 1522 1293 1574 editae
1312 1538 1341 1573 a
1358 1540 1403 1573 v.
1424 1539 1463 1573 c,
1480 1521 1711 1574 Grenfell
1724 1562 1735 1584 ,
1754 1522 1921 1584 Hunt,
1937 1520 2111 1586 Smyly
2134 1519 2265 1584 (Vol.
2285 1520 2329 1582 1,

374 1622 612 1675 Londinii
644 1623 783 1683 1902,
812 1622 873 1683 ll,
906 1620 1068 1684 1907).
1109 1620 1187 1670 De
1223 1619 1301 1670 his
1326 1618 1552 1684 papyris,
1590 1633 1720 1683 quae
1746 1617 1916 1682 magni
1941 1620 2060 1668 sunt
2085 1616 2330 1668 momenti

371 1720 434 1771 ad
470 1719 683 1785 Aegypti
721 1716 1208 1769 administrationem
1246 1713 1680 1780 cognoscendam,
1718 1714 1871 1779 paulo
1906 1713 2069 1764 fusius
2104 1726 2329 1777 agemus.

373 1817 615 1881 Repertae
650 1818 768 1865 sunt
804 1813 855 1863 in
899 1813 1012 1863 vico
1061 1790 1211 1864 (anm
1254 1813 1304 1863 el
1339 1811 1574 1876 Baragcit
1615 1810 1898 1875 (antiquum
1943 1813 2016 1861 est
2061 1809 2328 1874 Tebtunis)

371 1912 422 1961 in
460 1914 597 1977 parte
634 1909 911 1960 meridiana
946 1909 1237 1974 provinciae
1275 1907 1618 1974 Fayumensis.
1664 1908 1718 1957 In
1755 1907 1848 1957 hac
1876 1906 2162 1972 provincia,
2199 1920 2330 1971 quae
2418 1890 2420 1892 V

370 2011 513 2059 antea
557 2022 744 2058 nomus
791 2010 894 2057 erat
940 2005 1021 2056 dei
1069 2005 1209 2056 Sobk
1257 2004 1497 2056 crocodili
1546 2006 1695 2070 caput
1736 2003 1991 2066 habentiS,
2041 2003 2330 2056 crocodilus

371 2105 499 2155 inter
555 2118 693 2154 sacra
746 2101 981 2152 animalia
1027 2101 1318 2152 ducebatur.
1386 2101 1554 2165 ltaque
1601 2101 1880 2166 posteriore
1920 2100 2327 2152 Ptolemaeorum

369 2204 547 2263 aetate,
585 2215 701 2250 cum
740 2198 1058 2250 consuetudo
1094 2202 1202 2248 orta
1236 2201 1364 2248 esset
1400 2201 1453 2247 ut
1488 2211 1703 2262 corpora
1735 2211 1996 2248 sacrorum
2031 2196 2330 2248 animalium

371 2295 613 2346 medicata
647 2294 1001 2360 sepelirentur,
1040 2293 1309 2358 indigenae
1347 2293 1689 2358 Fayumenses
1713 2291 2090 2344 crocodilorum
2115 2307 2332 2358 corpora

369 2392 580 2458 sepelire
615 2391 859 2443 solebant.
897 2389 1126 2454 Contigit
1160 2393 1326 2440 autem
1364 2388 1650 2440 Grenfellio
1675 2391 1722 2439 et
1748 2388 1970 2451 Huntio,
2003 2391 2057 2439 ut
2079 2388 2331 2440 fodientes

370 2489 421 2539 in
459 2489 597 2551 Ιοεο,
643 2488 731 2539 ubi
769 2488 1007 2552 antiquus
1043 2487 1185 2537 vicus
1221 2486 1468 2537 Tebtunis
1503 2484 1629 2536 situs
1664 2489 1786 2548 erat,
1824 2485 2011 2536 horum
2047 2483 2330 2537 crocodilo-

370 2601 483 2636 rum
529 2585 888 2636 coemeterium
939 2583 1246 2645 invenirent,
1308 2596 1528 2648 quorum
1576 2581 1812 2634 nonnulli
1866 2580 2069 2647 papyris
2114 2579 2329 2633 involuti

370 2685 522 2732 erant.
585 2681 730 2742 Quas
777 2696 978 2732 summa
1030 2695 1145 2731 cum
1201 2694 1320 2730 cura
1372 2679 1644 2730 dissolutas
1691 2679 1942 2743 lectasque
1989 2676 2267 2730 voluminis
2311 2677 2327 2727 1

370 2778 523 2842 longe
575 2777 737 2828 maior
789 2791 904 2842 pars
957 2775 1191 2827 continet.
1269 2775 1389 2825 Eam
1444 2778 1610 2825 autern
1665 2775 1733 2826 ob
1786 2789 1987 2825 causam
2040 2754 2160 2824 tanti
2211 2777 2331 2825 sunt

370 2874 613 2925 momenti
677 2873 818 2938 quod
885 2887 1069 2937 magna
1132 2887 1246 2937 pars
1310 2872 1533 2937 profecta
1592 2876 1665 2922 est
1727 2887 1788 2922 ex
1851 2869 2045 2922 vasario
2097 2870 2330 2922 Menchis

369 2969 658 3032 cuiusdam,
735 2968 823 3034 qui
887 2968 1034 3018 annis
1093 2971 1207 3018 ante
1277 2966 1335 3018 C.
1394 2968 1645 3017 120—111
1723 2966 1817 3017 vici
1883 2965 2247 3018 Cerceosiridis
2285 2967 2326 3032 1)

370 3064 874 3131 κωμογραμματεύς
910 3067 1024 3114 erat.
1060 3062 1201 3113 Aliae
1248 3063 1401 3113 huius
1436 3062 1714 3113 voluminis
1761 3062 1962 3128 papyri,
1999 3078 2130 3128 quae
2155 3062 2329 3129 paucis

370 3163 587 3228 exceptis
640 3164 780 3227 pacta
831 3163 949 3211 sunt
1012 3159 1225 3225 privata,
1301 3158 1511 3224 scriptae
1572 3163 1690 3209 sunt
1753 3159 1900 3210 annis
1950 3163 2064 3210 ante
2116 3159 2176 3211 C.
2234 3160 2329 3211 100

370 3273 533 3323 usque
596 3257 659 3308 ad
714 3258 791 3308 50.
873 3256 1066 3307 Contra
1128 3255 1192 3305 ad
1255 3255 1470 3321 Aegypti
1533 3254 1794 3306 historiam
1865 3254 2046 3306 melius
2110 3269 2327 3320 cognos-

370 3355 580 3405 cendam
641 3353 811 3418 magni
870 3356 988 3404 sunt
1040 3352 1285 3403 momenti
1338 3367 1388 3402 n.
1421 3350 1455 3402 '5
1514 3355 1561 3402 et
1618 3353 1706 3415 33,
1767 3366 1985 3416 quarum
2043 3350 2127 3401 illa
2173 3351 2327 3402 Euer-

370 3455 533 3515 getem
585 3452 648 3513 Il,
698 3451 762 3500 de
809 3449 953 3500 cuius
1000 3450 1134 3499 fama
1180 3449 1448 3514 scriptores
1483 3451 1674 3498 veteres
1710 3447 2002 3510 detrahunt,
2041 3461 2175 3498 nova
2216 3446 2328 3499 luce

425 3750 461 3799 1)
508 3750 576 3788 Est
606 3761 736 3799 prope
766 3750 903 3790 vicum
933 3750 1145 3789 Tebtunis.
