2612 4412
1323 382 1388 430 24

379 533 826 599 προδιαλογισμὸς
861 533 1052 591 σιτικὸς
1087 533 1460 600 ἕπικεφαλαίου
1497 538 1588 584 τοῦ
1625 534 1786 584 αὐτοῦ
1838 533 2027 600 (ἔτους)
2067 535 2339 589 ὗποκει-

380 630 603 695 μένων
638 633 744 680 τῶν
780 629 1194 696 ε’γόιῳκημένων
1230 631 1333 687 ἕως
1367 629 1590 696 Μεσορὴ
1629 630 1670 680 λ.

450 727 584 791 Ergo
639 726 931 778 relationem
984 726 1233 778 habemus
1284 716 1590 778 tributorum
1638 725 1895 777 frumento
1943 727 2343 793 solvendorum,

382 837 604 887 quorum
653 837 772 873 cura
818 828 1280 888 κωμογραμματεῖ
1309 822 1541 873 mandata
1575 825 1648 873 est
1660 840 1671 886 ;
1720 837 1872 887 quam
1911 822 2203 875 relationem
2239 825 2341 876 fac-

382 922 480 968 tam
518 932 627 969 esse
661 918 724 968 ad
761 933 969 969 censum
1008 918 1313 970 tributorum
1350 918 1635 984 generalem
1668 918 2044 970 conficiendum
2068 920 2341 972 verisimile

383 1018 467 1065 est.
505 1015 747 1066 Menches
782 1017 947 1066 autem
986 1015 1168 1066 tributa
1203 1019 1487 1078 enumerat,
1524 1031 1653 1080 quae
1677 1030 1773 1066 suo
1799 1016 1997 1066 muneri
2016 1015 2342 1082 ὗποκειμένα

382 1114 524 1163 sunt:

581 1207 777 1273 μισθὸς
811 1208 1083 1275 βασιλικῆς
1119 1213 1239 1275 γῆς,

586 1304 763 1356 δάνεια
799 1305 1141 1371 σπερμάτων,

584 1401 896 1468 τριχοίνικον
908 1439 921 1459 ,

583 1497 1131 1563 θησαυροφυλακικόν
1169 1498 1295 1563 (sive
1330 1527 1394 1533 —-
1429 1496 1673 1562 κιτικόν),

587 1593 800 1658 κράστις
842 1591 1125 1659 Θηβαίων,

585 1690 769 1742 tributa
802 1690 1128 1741 semiartabae
1163 1694 1211 1740 et
1246 1693 1614 1756 γραμματικοῦ
1651 1705 1781 1754 quae
1815 1689 2104 1756 κληροῦχοι
2140 1692 2186 1740 et
2219 1692 2346 1740 tem·

651 1787 734 1853 pla
767 1787 963 1838 solvere
997 1786 1274 1849 debebant,
1343 1818 1352 1828 -

586 1883 807 1950 εἰσφορά
843 1899 973 1948 quae
1010 1883 1407 1949 ἕρημοφύλαξιν
1425 1884 1465 1947 1)
1505 1883 1741 1949 imposita
1775 1886 1890 1947 erat,

454 1980 694 2040 Quorum
746 1980 942 2046 μισθός
993 1985 1039 2032 et
1093 1980 1271 2031 δάνεια
1320 1981 1526 2046 proprie
1571 1996 1677 2032 non
1724 1984 1843 2031 sunt
1888 1980 2095 2032 tributa:
2148 1979 2348 2045 μισθὸς

384 2076 656 2143 βασιλικῆς
708 2082 802 2143 γῆς
854 2077 989 2128 enim
1044 2080 1118 2128 est
1168 2076 1377 2142 vectigal
1428 2076 1533 2141 agri
1582 2075 1843 2140 conducti,
1897 2076 2041 2142 quod
2087 2074 2349 2142 βασιλικοὶ

387 2173 617 2238 γεωργοί
672 2173 775 2238 regi
829 2172 1065 2235 solvunt,
1127 2172 1305 2223 δάνεια
1358 2176 1525 2224 autem
1579 2172 1898 2238 σπερμάτων
1949 2175 2069 2224 sunt
2119 2171 2346 2235 semina,

385 2272 499 2319 ante
545 2273 745 2334 tempus
791 2269 991 2320 serendi
1038 2269 1273 2334 agricolis
1318 2285 1348 2319 a
1395 2284 1512 2333 rege
1560 2272 1739 2320 mutuo
1785 2268 1923 2332 data,
1971 2271 2087 2334 post
2128 2253 2345 2320 meseem

385 2365 563 2416 factam
624 2365 846 2416 restituta
879 2367 936 2431 2).
1020 2366 1170 2426 Quae
1221 2366 1321 2416 sint
1371 2365 1714 2433 τριχοίνικον,
1774 2363 2348 2432 θησαυροφυλακικὸν,

386 2462 599 2528 κράστις
653 2461 909 2528 Θηβαίων
961 2463 1217 2514 nescimus
1241 2464 1308 2526 3),
1372 2462 1461 2514 sed
1515 2478 1572 2514 ea
1622 2462 1748 2515 fisco
1800 2462 1928 2514 solvi
1982 2477 2011 2513 a
2060 2461 2349 2527 βασιλικοῖς

388 2563 643 2625 γεωργοῖς
693 2562 885 2610 constat
919 2559 976 2622 4).
1048 2560 1120 2610 Ex
1156 2559 1346 2624 quibus
1381 2558 1511 2610 effici
1549 2562 1714 2625 potest
1749 2559 1933 2610 tributa
1967 2573 2098 2624 quae
2131 2559 2347 2610 ὑποκει-

385 2657 520 2721 μένα
556 2660 696 2707 erant
730 2661 791 2724 τῇ
826 2657 1320 2723 κωμογραμματείᾳ
1349 2657 1480 2722 exigi
1512 2656 1675 2708 solere
1703 2673 1732 2707 a
1761 2656 2047 2722 βασιλικοῖς
2076 2660 2347 2722 γεωργοῖς,

387 2752 726 2821 κληρούχοις,
764 2754 1044 2805 cultoribus
1080 2755 1223 2819 ἱερᾶς
1260 2759 1375 2821 γῆς,
1414 2754 1442 2804 i.
1481 2769 1521 2805 e.
1557 2754 1622 2805 ab
1658 2754 1754 2805 illis
1790 2753 1993 2816 incolis,
2030 2748 2118 2818 qui
2154 2751 2348 2818 κώμης

387 2866 538 2915 agros
584 2851 771 2902 colunt.
825 2851 1040 2902 Minime
1089 2850 1275 2901 mirum
1326 2851 1378 2900 id
1425 2850 1633 2916 quidem
1680 2853 1794 2902 ante
1829 2850 2008 2902 oculos
2043 2848 2351 2902 habentibus

388 2951 634 3012 quantum
672 2948 830 2998 valeat
863 2946 1367 3013 κωμογραμματεύς
1402 2946 1453 2997 in
1489 2946 1682 3013 κώμης
1715 2961 1839 3012 agro
1874 2945 2349 3010 administrand05).

455 3044 595 3095 Aliae
645 3058 853 3110 quoque
900 3044 1076 3110 papyri
1126 3043 1432 3095 confirmant
1477 3043 1619 3108 quod
1667 3059 1727 3094 ex
1774 3043 1867 3094 hac
1912 3058 2014 3094 una
2047 3042 2349 3099 -eifecimust

446 3337 481 3388 1)
538 3338 665 3387 Sunt,
697 3339 743 3378 ut
771 3348 924 3377 nomen
956 3337 1132 3386 indicat,
1164 3348 1361 3387 agrorum
1392 3337 1651 3376 desertorum
1682 3335 1887 3375 custodes.

445 3416 480 3466 2)
538 3416 604 3456 Cf.
634 3415 744 3467 Pap.
783 3415 893 3455 Tebt.
927 3415 966 3464 1,
999 3417 1141 3455 annot.
1174 3415 1228 3455 ad
1257 3415 1358 3465 6111,
1388 3414 1610 3455 313-316.

445 3494 481 3545 3)
541 3494 645 3534 lbid.
677 3494 730 3534 ad
759 3494 981 3534 317—319.

445 3569 907 3625 θησαυροφυλακικόν
936 3571 1139 3612 tributum
1171 3582 1258 3611 esse
1286 3570 1449 3610 videtur
1478 3581 1555 3620 pro
1585 3566 1818 3621 θησαυροῦ
1849 3566 2050 3607 custodia.
2080 3555 2082 3557 ¹

445 3650 481 3701 4)
539 3649 605 3690 Cf.
635 3650 745 3701 Pap.
782 3649 892 3689 Tebt.
926 3650 965 3698 Ι,
1010 3650 1085 3698 68,
1117 3650 1296 3696 88-9Ο;
1330 3649 1380 3687 70
1404 3647 1613 3698 praefat,-
1642 3648 1731 3687 203.

446 3727 482 3778 5)
541 3727 607 3768 Cf.
639 3739 726 3778 par.
756 3729 795 3768 3.
827 3727 952 3767 huius
980 3727 1140 3777 capitis.
