2612 4412
1348 371 1411 420 56

1345 594 1422 643 1V.

470 768 575 828 Qui
635 771 1152 836 κωμογραμματέως
1210 770 1366 820 multa
1421 786 1479 821 ac
1536 769 1669 820 varia
1726 770 1928 834 negotia
1961 770 2001 834 1)
2056 770 2125 821 ob
2177 770 2360 823 oculos

402 865 574 927 habet,
619 880 725 917 non
761 865 1012 918 dubitabit
1046 867 1170 932 quin
1209 881 1425 931 magnus
1459 866 1739 917 scribarum
1778 880 2021 917 numerus
2056 865 2119 916 ad
2156 867 2358 931 negotia
2430 863 2452 883 ’

403 961 485 1011 illa
529 961 852 1027 transigenda
897 966 1096 1028 praesto
1132 963 1175 1013 ei
1213 962 1375 1013 fuerit.
1430 943 1541 1013 Nec
1573 965 1739 1013 tamen
1777 961 1963 1012 mirum
2000 961 2142 1026 quod
2179 962 2356 1029 papyri

402 1057 466 1107 de
512 1057 572 1108 iis
619 1058 722 1108 fere
768 1062 952 1108 tacent:
1001 1058 1107 1123 ipse
1154 1058 1289 1108 enim
1333 1057 1833 1124 κωμογραμματεύς
1868 1057 2102 1108 omnium
2138 1057 2355 1123 quaein

402 1153 574 1205 officio
621 1154 752 1205 fiunt
795 1170 964 1205 rerum
1001 1155 1245 1207 rationem
1282 1156 1402 1206 dare
1437 1154 1608 1218 debet;
1664 1155 1797 1206 illius
1834 1155 2066 1217 nomine,
2116 1157 2170 1205 ut
2204 1153 2362 1206 hodie

402 1266 611 1316 quoque
646 1251 755 1302 fieri
792 1252 942 1315 solet,
992 1252 1165 1303 omnia
1200 1252 1543 1318 perficiuntur.
1598 1251 1847 1303 Nonnulli
1884 1228 2049 1302 tamen
2087 1266 2148 1301 ex
2183 1249 2360 1305 minis-

405 1347 489 1398 tris
524 1347 633 1398 eius
669 1352 1134 1399 commemorantur
1171 1349 1221 1398 in
1257 1348 1386 1413 Pap.
1431 1348 1557 1399 Tebt.
1598 1350 1640 1410 Ι,
1684 1350 1766 1399 12;

471 1443 719 1507 γείνωσκε
755 1443 843 1495 τὸν
877 1446 917 1510 [.
955 1485 965 1495 .
1004 1485 1013 1495 .
1052 1445 1092 1509 .]
1127 1446 1254 1509 παρ’
1288 1445 1445 1511 ἡμῶν
1490 1445 1577 1509 (Se.
1614 1444 1910 1510 ΛΙεγχείους
1945 1461 2360 1509 κωμογραμμα-

402 1539 552 1603 τέως)
599 1540 678 1590 ὢν
724 1540 773 1603 (l.
811 1540 955 1605 ὄντα)
993 1542 1047 1591 ἒν
1084 1546 1188 1597 τοῖς
1216 1541 1509 1607 Ἀμεννέως
1543 1542 1662 1606 [τοῦ
1698 1540 2048 1606 βα(σιλικοῦ)]
2085 1539 2358 1606 γρ(αμμα-

403 1635 555 1702 τέως)
594 1637 697 1687 κτλ.
738 1638 836 1702 (vv.
874 1639 904 1687 2
940 1639 1087 1703 sqq.).
1322 1702 1325 1706 r

471 1733 629 1793 Etiam
665 1733 1005 1798 [ἎρωῘτεῖος
1040 1734 1143 1796 ille,
1181 1734 1268 1799 qui
1305 1734 1457 1801 χάριν
1493 1739 1582 1800 τῆς
1617 1734 1962 1800 εὖθυμετρίας
1996 1737 2086 1800 τῆς
2119 1731 2358 1800 κώ(μης)

402 1828 491 1878 καὶ
535 1829 685 1893 [τοῦ]
732 1830 1083 1896 σχοι(νισμοῦ)
1122 1833 1162 1895 2)
1210 1846 1238 1880 3.
1284 1830 1543 1896 βασιλικῷ
1590 1834 1887 1896 γραμματεῖ
1916 1829 2174 1892 retinetur,
2223 1843 2391 1898 unusv

402 1939 462 1974 ex
497 1925 1015 1991 κωμογραμματέως
1050 1926 1299 1989 ministris·
1327 1941 1436 1977 esse
1472 1926 1683 1977 videtur.

471 2022 571 2071 Iam
619 2037 773 2087 supra
820 2022 887 2088 (p.
924 2023 1009 2087 21)
1064 2024 1123 2073 10
1169 2023 1350 2073 talenta
1395 2023 1500 2085 illa,
1547 2022 1692 2088 περεὶ
1734 2027 1823 2089 τῆς
1865 2021 2363 2088 κομογραμματήας

401 2117 588 2180 soluta,
637 2118 702 2168 de
750 2118 941 2183 quibus
986 2119 1152 2184 agitur
1199 2119 1250 2169 in
1298 2119 1427 2184 Pap.
1477 2118 1710 2184 Orensell
1753 2120 1795 2181 Ι,
1844 2121 1933 2182 22,
1983 2119 2095 2170 data
2141 2133 2249 2170 esse
2293 2117 2358 2169 ad

400 2213 848 2267 administrationis
884 2215 1113 2282 impensa
1146 2215 1391 2268 solvenda
1426 2217 1662 2282 opinatus
1696 2231 1825 2267 sum.

471 2312 631 2363 Facile
692 2312 939 2378 intelligas
999 2315 1497 2380 κωμογραμματέα,
1559 2314 1750 2380 quippe
1811 2313 1891 2364 cui
1952 2316 2084 2364 tanta
2142 2316 2364 2379 potestas

402 2409 636 2460 mandata
671 2413 822 2473 esset,
860 2410 1115 2461 interdum
1152 2411 1370 2462 abusum
1407 2426 1465 2461 ea
1499 2411 1669 2461 fuisse.
1706 2411 1814 2462 Nec
1848 2410 2033 2461 desunt
2067 2409 2119 2460 in
2156 2408 2362 2476 papyris

401 2505 453 2555 in
506 2508 981 2573 κωμογραμματέα
1034 2507 1407 2572 querimoniae:
1467 2507 1539 2559 sic
1584 2507 1758 2558 fratres
1793 2507 2057 2559 Acusilaos
2099 2510 2146 2558 et
2194 2506 2361 2559 Ptole·

403 2618 577 2654 maeus
624 2603 956 2656 chrematistis
1002 2605 1226 2664 ἔντευξιν
1272 2605 1417 2667 dant,
1477 2604 1952 2671 κωμογραμματέα
2011 2604 2108 2656 sibi
2165 2602 2358 2669 aliquid

400 2699 507 2764 agri
543 2701 788 2766 eripuisse
822 2706 1090 2767 querentes
1113 2704 1171 2766 3).
1229 2704 1347 2753 Item
1385 2703 1436 2752 in
1473 2703 1601 2767 Pap.
1646 2702 1773 2753 Tebt.
1813 2689 1853 2765 Ι,
1898 2702 1989 2752 183
2025 2718 2389 2766 κωμογραμ·-

400 2797 594 2862 ματεύς
644 2798 836 2850 fraudis
889 2799 941 2849 in
994 2799 1265 2865 βασιλικόν
1316 2799 1573 2866 quendam
1629 2798 1868 2865 γεωργόν
1913 2798 2213 2850 commissae
2247 2811 2358 2864 par-

401 2896 555 2961 ticeps
591 2895 786 2947 dicitur.
825 2897 1054 2948 Fortasse
1089 2897 1191 2948 huc
1225 2897 1372 2948 etiam
1410 2897 1623 2963 pertinet
1657 2897 1786 2962 Pap.
1826 2895 2060 2962 Greafell
2092 2896 2134 2958 1,
2177 2895 2260 2958 13,
2298 2909 2359 2945 ex

401 3008 525 3058 qua,
575 2994 809 3058 quamvis
855 2994 1145 3060 depravata,
1199 2997 1405 3060 apparet
1443 2993 1746 3059 βασιλικούς
1792 2992 2043 3059 quosdam
2089 2990 2362 3057 γεωργούς

400 3105 429 3139 a
487 3089 808 3155 magistratu,
869 3091 948 3142 cui
1009 3091 1272 3156 epistolam
1333 3091 1484 3154 dant,
1544 3095 1710 3156 petere
1764 3094 1818 3141 ut
1867 3089 2137 3141 audiantur
2187 3102 2358 3140 coram

401 3191 870 3252 κωμογραμματεῖ.

457 3478 491 3529 1)
549 3478 615 3519 Cf.
646 3478 754 3530 Pap.
792 3479 902 3519 Tebt.
937 3480 977 3529 Ι,
1011 3481 1081 3529 12,
1116 3481 1163 3521 19
1193 3491 1293 3530 sqq:
1337 3509 1344 3518 .
1375 3510 1383 3518 .
1415 3510 1423 3518 .
1454 3510 1461 3518 .
1493 3475 1562 3518 ἐπὶ
1593 3479 1635 3530 (Ι.
1666 3475 1774 3528 ἐπεὶ)
1803 3475 1855 3517 οὗ
1885 3474 1962 3518 καὶ
1992 3473 2045 3517 σὺ
2076 3473 2158 3517 οὐκ
2190 3473 2359 3528 ἀγνοεῖς

400 3553 446 3596 ἓν
475 3553 522 3610 ἧι
552 3554 682 3608 ἔσμεν
710 3554 935 3610 ἀσχολίαι;
967 3557 1019 3598 cf.
1050 3559 1122 3607 29,
1158 3559 1322 3598 10—14.

456 3634 491 3684 2)
547 3635 622 3675 Vv.
654 3636 679 3675 6
708 3647 779 3686 sq;
810 3636 862 3675 de
892 3647 935 3675 re
963 3635 1015 3676 cf.
1048 3647 1173 3686 supra
1202 3647 1242 3686 p.
1272 3637 1336 3676 35.

455 3711 491 3763 3)
548 3712 655 3763 Pap.
692 3712 802 3752 Tebt.
836 3713 875 3763 Ι,
906 3713 969 3754 29.
