2612 4412
1146 374 1210 423 29

269 534 404 599 Ergo
438 529 912 596 κωμογραμματέα
949 529 1096 579 etiam
1136 529 1196 578 111
1230 530 1343 578 ante
1374 526 1433 578 C.
1463 527 1665 578 saeculo
1696 527 1881 578 tributa
1910 526 2157 592 quaedam

198 626 629 683 administravisse
674 626 791 678 satis
837 626 1068 691 apparuit
1101 626 1158 691 1).
1215 627 1443 677 Fortasse
1488 624 1566 675 sui
1614 624 1738 674 iuris
1784 638 1890 675 non
1935 627 2037 674 erat
2070 623 2160 674 sed

198 725 390 780 auxilio
435 727 629 775 tantum
678 726 780 774 erat
827 723 1147 785 comarchae,
1199 736 1353 787 quem
1401 720 1559 786 capite
1599 719 1829 785 sequenti
1871 719 2161 770 videbimus

115 874 118 877 ,
201 825 250 876 et
293 821 486 888 κώμης
530 835 682 885 agros
731 821 791 871 111
839 822 954 871 ante
1001 819 1060 870 C.
1108 817 1310 870 saeculo
1356 816 1787 868 administravisse
1823 820 1870 866 et
1906 819 2163 881 γεωργῶν

200 917 386 971 tributa
419 916 660 983 exegisse.
697 916 796 969 Sed
833 915 1062 968 fontibus
1097 913 1453 965 deficientibus
1487 913 1689 978 singula
1718 927 2027 977 cognoscere
2057 927 2161 962 non

201 1028 494 1082 possumus.

515 1215 560 1264 2.
629 1213 714 1264 De
747 1211 1267 1278 κωμογραμματέως
1303 1210 1596 1261 muneribus
1631 1210 1685 1260 in
1721 1210 1854 1275 regis

789 1309 1099 1374 monopoliis
1133 1308 1488 1358 sustentandis
1522 1307 1580 1371 2).

275 1465 434 1518 Etiam
469 1465 570 1528 alio
606 1465 766 1518 modo
802 1463 1305 1531 κωμογραμματεύς
1354 1464 1486 1528 regis
1530 1463 1683 1514 rebus
1718 1462 1961 1524 consulit,
2005 1464 2169 1527 partes

205 1561 455 1628 quasdam
484 1577 642 1628 agens
672 1562 723 1613 in
755 1561 973 1628 negotiis
1000 1560 1064 1612 ad
1095 1560 1205 1612 eius
1238 1560 1537 1626 monopolia
1566 1558 1948 1626 pertinentibus.

275 1658 487 1711 Constat
520 1674 691 1724 regem
727 1659 921 1725 aliquot
955 1657 1199 1709 mercium
1236 1662 1283 1708 et
1316 1657 1646 1708 artificiorum
1685 1655 2043 1722 monopolium
2071 1655 2168 1707 sibi

208 1755 567 1819 vindicavisse,
594 1756 722 1807 inter
747 1770 877 1820 quae
908 1755 1236 1806 nominentur
1260 1754 1454 1806 fructus
1485 1769 1619 1819 quos
1647 1753 1854 1805 fodinae
1879 1753 2168 1819 proferunt,

209 1853 362 1906 veluti
409 1853 505 1917 sal,
551 1868 659 1916 aes,
707 1867 959 1918 gemmae;
1009 1867 1201 1903 merces
1244 1867 1375 1917 quae
1418 1851 1679 1917 importari
1715 1850 1969 1913 solebant,
2018 1850 2170 1901 veluti

211 1949 440 2018 myrrha,
487 1949 824 2002 condimenta.
879 1950 979 2002 Sed
1026 1949 1250 2015 primum
1298 1948 1468 2000 locum
1514 1948 1775 2000 obtinebat
1811 1947 2170 2013 monopolium

208 2047 335 2112 olei,
383 2046 528 2099 cuius
562 2050 610 2098 et
644 2047 696 2098 in
732 2047 964 2113 Aegypto
988 2047 1030 2111 3)
1068 2050 1115 2097 et
1150 2046 1201 2096 in
1239 2045 1414 2096 ceteris
1450 2044 1678 2097 Orientis
1714 2044 2012 2110 regionibus
2049 2059 2173 2095 usus

210 2148 286 2198 est
318 2144 774 2211 frequentissimus
810 2143 1032 2209 Magnus
1063 2147 1229 2194 autem
1264 2143 1435 2208 legum
1468 2146 1516 2193 et
1544 2142 1962 2195 constitutionum
1995 2157 2172 2192 nume-

211 2256 301 2294 rus
335 2241 469 2307 regis
505 2241 614 2292 iura
648 2241 1008 2306 tuebantur4).

282 2340 366 2392 lus
418 2339 662 2390 mercium
715 2353 932 2404 quarum
987 2353 1074 2388 rex
1122 2336 1480 2402 monopolium
1529 2335 1745 2387 habebat
1789 2335 2173 2387 vendendarum

212 2436 279 2488 ab
325 2450 388 2488 eo
434 2434 834 2487 conductoribus
880 2433 1158 2496 Iocabatur,
1207 2433 1295 2498 qui
1344 2432 1506 2498 pretio
1552 2431 1823 2483 constituto
1859 2431 2176 2484 institoribus

213 2546 299 2584 eas
345 2531 634 2584 venderent.
692 2530 958 2582 Dioecetae
1006 2532 1108 2580 erat
1155 2528 1288 2594 regis
1336 2528 1444 2579 iura
1490 2531 1766 2579 sustentare
1778 2546 1790 2592 ;
1838 2543 1992 2593 quem
2040 2528 2174 2579 illam

271 2787 308 2840 l)
363 2787 431 2829 Cf.
462 2786 570 2838 Pap.
609 2787 749 2827 Hibelz
780 2787 820 2836 1,
855 2788 951 2836 103;
987 2788 1083 2835 104;
1126 2787 1198 2827 ubi
1230 2783 1648 2839 κωμογραμματεύς
1679 2786 1780 2827 haec
1809 2786 2029 2837 vectigalia
2060 2798 2175 2828 acce-

215 2868 327 2919 pisse
353 2866 527 2908 dicitur:
559 2862 877 2919 φυλακιτικὸν,
909 2862 1121 2918 ἰατρικὸν,
1153 2862 1492 2919 τριηράρχημα,
1522 2862 1758 2918 ὅιάχωμα,
1789 2863 1952 2906 ἵππων.

275 2944 333 2986 Ex
371 2945 525 2997 quibus
563 2956 671 2996 quae
710 2945 793 2985 sint
835 2941 1131 2997 φυλακιτικόν
1171 2946 1212 2985 et
1253 2941 1453 2997 ἰατρικόν
1482 2944 1747 2994 perspicuum
1778 2946 1839 2984 est
1869 2943 1937 2994 (cf.
1970 2943 2178 2993 Wilcken,

219 3022 274 3065 G.
317 3021 369 3064 Ο.
408 3034 450 3075 p.
478 3024 558 3064 402
586 3025 626 3064 et
654 3022 774 3074 375);
818 3023 958 3074 qualia
997 3024 1135 3063 autem
1181 3021 1336 3062 fuerint
1377 3019 1714 3075 τριηράρχημα,
1755 3019 1989 3075 διάχωμα,
2033 3020 2181 3062 ἵππων

219 3112 306 3143 non
334 3102 510 3143 constat.
541 3100 609 3141 Cf.
640 3101 854 3151 praeterea
883 3100 990 3151 Pap.
1022 3099 1163 3140 Hibelz
1196 3100 1237 3149 1,
1267 3100 1319 3140 67
1349 3101 1389 3139 et
1418 3100 1481 3140 68.

275 3178 313 3231 2)
370 3178 434 3220 De
462 3178 720 3230 monopoliis
751 3179 904 3229 agunt:
1097 3170 1110 3184 ‘

278 3257 466 3299 Editores
494 3256 603 3308 Pap.
638 3256 749 3296 Tebt.
783 3257 825 3296 in
856 3258 998 3297 annot.
1030 3256 1082 3297 ad
1114 3255 1156 3306 1,
1190 3257 1236 3305 5,
1272 3256 1357 3295 170.

276 3334 492 3386 Maspero,
522 3334 600 3375 Les
628 3335 835 3375 Finances
864 3347 904 3386 p.
935 3335 1103 3376 60—92.

279 3411 686 3464 Bouche-heclercq,
719 3413 830 3453 Hist.
863 3413 904 3453 d.
935 3413 1040 3463 Lag.
1076 3413 1129 3453 111
1163 3424 1203 3463 p.
1235 3413 1457 3454 237—283.

277 3489 313 3542 3)
370 3489 437 3532 Cf.
456 3490 560 3532 Plin.
577 3491 634 3532 N.
653 3491 709 3531 Η.
744 3491 813 3540 13,
844 3491 891 3540 ὁ,
923 3492 997 3540 26,
1032 3494 1259 3540 „terrarum
1290 3491 1479 3531 omnium
1509 3489 1726 3541 Aegyptus
1750 3489 2183 3530 accommodatesscma

222 3568 462 3620 unguentis.

280 3645 316 3697 ⁴)
375 3647 502 3698 Leges
530 3658 578 3688 ac
607 3647 924 3688 constitutiones
953 3647 1004 3687 ad
1036 3647 1115 3688 olei
1150 3647 1438 3698 monopolium
1470 3646 1720 3696 pertinentes
1743 3645 1839 3690 Rev.
1866 3644 2032 3697 Papym
2064 3646 2186 3685 nobis

225 3726 407 3766 servatae
436 3726 532 3766 sunt
561 3724 670 3777 (Col.
701 3726 753 3767 39
784 3725 905 3776 sqq.).
