2612 4412
1143 365 1208 414 27

413 560 423 570 .
471 518 561 570 καὶ
606 518 662 569 ἓν
707 521 812 574 τοῖς
859 516 916 568 δὲ
962 517 1137 574 ἄλλοις
1182 522 1358 584 χαριῆι
1400 518 1765 584 καταταχήσας
1798 517 1859 567 τὰ
1895 522 1985 584 τῆς
2019 519 2156 570 εἰσα-

197 621 377 685 γωγῆς
410 617 468 682 1)-

264 713 414 776 Quae
458 727 575 765 cum
623 712 688 763 ita
730 711 831 763 sint
871 710 944 762 sic
985 710 1263 762 concludo:
1312 713 1592 762 exeunte
1639 711 1689 761 11
1737 714 1884 761 ante
1927 709 1986 762 C.
2029 725 2156 761 sae-

195 809 346 863 culo
402 807 1050 875 κωμογραμματεύς
1108 807 1224 858 illa
1280 807 1533 858 tributa
1589 806 1798 871 exigit
1847 806 2157 857 adminis-

195 907 456 971 tratque
489 920 652 972 quae
689 904 827 970 regi
863 903 1089 956 debita
1123 907 1275 955 sunt
1308 919 1338 955 a
1370 903 1761 968 βασιλικοῖς
1797 905 2156 968 γεωργοῖς,

196 1000 638 1069 κληρούχοις,
687 999 1064 1052 cultoribus
1111 1000 1298 1065 ἱερᾶς
1346 1004 1477 1066 γῆς.

264 1095 425 1158 Quod
470 1097 642 1148 attinet
685 1095 750 1148 ad
800 1097 861 1147 111
910 1099 1024 1147 ante
1071 1095 1130 1148 C.
1167 1096 1451 1159 saeculum,
1502 1096 1553 1147 in
1591 1095 1795 1162 papyris
1831 1108 1937 1146 non
1973 1092 2159 1144 desunt

197 1191 382 1245 indicia
416 1192 556 1244 unde
589 1197 1055 1259 κωμογραμματεῖ
1084 1192 1183 1243 iam
1209 1195 1330 1244 tunc
1353 1196 1544 1259 partem
1570 1192 1744 1245 saltem
1770 1190 1906 1242 illius
1931 1189 2159 1241 muneris

198 1288 491 1341 mandatum
527 1289 685 1342 fuisse
719 1289 952 1341 conicias.

262 1385 392 1451 Pap.
427 1385 563 1437 enim
600 1385 768 1437 Petrie
802 1387 889 1449 111,
927 1387 983 1436 71
1013 1387 1055 1451 2)
1094 1386 1277 1452 legitur
1311 1386 1406 1438 sic:

1001 1544 1010 1554 .
1049 1545 1058 1555 .
1098 1545 1108 1555 .
1147 1545 1157 1555 .
1194 1503 1351 1570 λόγος
1384 1503 1614 1571 χλωρῶν
1648 1504 1689 1569 3)

725 1599 870 1666 παρὰ
906 1599 1273 1668 ΙΙτολεμαῘίου
1295 1641 1305 1651 .
1327 1641 1336 1651 .
1359 1641 1369 1650 .
1518 1603 1624 1651 τῶν

616 1698 659 1748 5.
729 1697 848 1763 περὶ
882 1695 1049 1764 τ[ῶ]ν
1085 1697 1302 1763 ἒρυμων
1318 1697 1392 1764 (Ρ)
1431 1697 1611 1748 τόπων

731 1794 820 1845 καὶ
855 1793 1255 1862 ΙΙετε[σο]ύχου
1291 1814 1533 1861 κωμογρ.
1570 1793 1659 1845 καὶ

733 1891 793 1942 ἐκ
829 1896 920 1942 τοῦ
957 1881 988 1957 γ
1027 1891 1067 1958 [.
1106 1932 1115 1941 .
1155 1932 1165 1941 .
1204 1890 1244 1958 .]
1284 1909 1514 1948 ....εως

732 1985 908 2054 Χοίαχ
942 1977 972 2038 ἶ
1010 2028 1019 2038 .

197 2105 344 2172 sequi
392 2104 630 2157 videntur
675 2106 887 2158 nomina
933 2110 1213 2173 γεωργῶν,
1269 2121 1515 2158 numerus
1560 2119 1823 2157 arurarum
1871 2119 1900 2154 a
1945 2100 2162 2167 singulis

198 2202 428 2271 χλωροῖς
478 2207 723 2267 satarum,
776 2206 1024 2269 quantum
1071 2202 1273 2268 μισθοῦ
1320 2202 1508 2268 singuli
1555 2202 1766 2254 solvant.
1820 2198 1982 2261 Quod
2019 2198 2061 2250 si
2097 2198 2163 2248 ita

199 2302 297 2364 est,
332 2303 537 2366 apparet
571 2300 671 2351 iam
705 2315 844 2352 anno
879 2303 993 2351 ante
1028 2298 1087 2351 C.
1124 2300 1246 2363 249,
1284 2314 1390 2365 quo
1420 2314 1559 2351 anno
1590 2298 1683 2349 hae
1713 2296 1922 2349 tabellae
1950 2294 2162 2360 scriptae

199 2399 342 2460 sunt,
388 2397 864 2464 κωμογραμματέα
910 2397 1019 2448 aliis
1065 2396 1440 2462 magistratibus
1485 2396 1676 2448 auxilio
1723 2395 1880 2447 fuisse
1914 2393 1966 2444 in
2002 2392 2161 2443 tribu-

198 2496 369 2546 torum
415 2493 610 2546 tabellis
655 2493 1013 2558 conficiendis;
1060 2493 1148 2559 qui
1197 2509 1318 2545 vero
1366 2493 1684 2558 magistratus
1729 2491 1916 2542 fuerint
1957 2493 2164 2557 propter

198 2604 377 2643 versus
410 2592 443 2641 4
478 2590 709 2642 lacunam
746 2590 1015 2642 nescimus

267 2687 592 2741 Confirmare
626 2688 749 2740 haec
782 2688 982 2740 videtur
1016 2687 1167 2739 altera
1201 2701 1424 2754 papyrus
1460 2687 1512 2738 in
1549 2702 1651 2753 qua
1684 2685 1927 2752 scriptum
1963 2688 2060 2736 est:

256 2937 292 2989 1)
347 2937 455 2990 Pap.
491 2937 602 2979 Tebt.
635 2937 676 2987 1,
712 2938 783 2987 19,
820 2938 865 2978 13
896 2949 958 2988 sq.

196 3034 198 3037 ·
256 3014 294 3067 2)
350 3015 395 3057 P.
429 3015 504 3056 198
534 3015 677 3065 =11,
707 3016 745 3055 7.

257 3092 294 3145 3)
349 3093 550 3147 Mahafiyi
578 3094 702 3136 lectio
733 3091 935 3147 (χωρῶν)
966 3094 1150 3134 correcta
1179 3094 1240 3133 est
1270 3104 1295 3133 a
1326 3092 1558 3133 Wilckenio
1587 3090 1653 3142 (Ρ.
1685 3090 1734 3131 Ρ.
1770 3090 1824 3131 111
1856 3089 2027 3130 Adanet
2040 3088 2162 3130 Corr.

202 3182 246 3223 p.
276 3171 405 3223 XIX),
446 3174 556 3214 recte
584 3172 675 3214 sine
703 3171 858 3220 dubim
900 3183 997 3213 nam
1028 3170 1144 3222 quod
1173 3171 1362 3222 sequitur
1392 3181 1477 3211 non
1507 3171 1570 3211 est
1599 3170 1706 3211 ratio
1737 3180 1935 3219 agrorum
1966 3168 2039 3209 sed
2070 3168 2162 3208 hei·-

203 3250 351 3292 barum
381 3247 622 3304 (χλωρῶν).

261 3327 342 3369 Pro
370 3324 551 3381 ἕρυμων
583 3328 624 3368 in
655 3339 775 3369 versu
805 3330 853 3377 5,
885 3328 1000 3378 quod
1030 3339 1153 3368 sensu
1183 3327 1336 3367 idoneo
1367 3328 1478 3367 caret
1503 3325 1740 3377 Mahaffyus
1763 3322 2162 3377 conjecitdgvpaem

202 3416 286 3458 ego
313 3405 493 3459 cogitavi
523 3406 576 3447 de
614 3402 903 3459 ἐρυμνῶν,
942 3405 1057 3457 quod
1086 3405 1337 3456 adjectivum
1367 3404 1492 3445 etiam
1521 3404 1778 3445 substantive
1809 3405 2031 3453 usurpatur
2059 3402 2163 3443 Xen.

203 3482 348 3525 Anah.
388 3485 435 3534 5,
476 3485 523 3534 7,
562 3485 628 3526 31.
689 3483 856 3524 Nomen
888 3484 946 3525 illi
978 3481 1100 3536 τόπῳ
1129 3483 1257 3524 fuisse
1285 3482 1555 3524 crediderim:
1601 3480 1647 3523 οἱ
1684 3479 1784 3535 περὶ
1829 3484 1917 3522 τῶν
1959 3478 2166 3534 ἐρυμνῶν

203 3560 350 3612 τόποι,
380 3562 432 3605 cf.
463 3561 569 3614 Pap.
599 3561 704 3603 Lille
731 3562 770 3611 1,
803 3562 842 3611 Ι,
872 3563 919 3611 3,
950 3562 1013 3603 73.

259 3639 473 3693 Mahaffyo
516 3640 746 3682 autumanti
795 3640 835 3680 in
880 3652 917 3680 v.
949 3641 973 3680 7
1013 3639 1180 3681 titulum
1218 3635 1645 3693 κωμογραμματέως
1686 3638 1940 3680 intercidisse
1978 3638 2164 3679 assentiri

206 3717 350 3760 nolim.
