<?xml version="1.0" encoding="UTF-8"?>
<!DOCTYPE html PUBLIC "-//W3C//DTD XHTML 1.0 Transitional//EN"
    "http://www.w3.org/TR/xhtml1/DTD/xhtml1-transitional.dtd">
<html xmlns="http://www.w3.org/1999/xhtml" xml:lang="en" lang="en">
 <head>
  <title>
</title>
<meta http-equiv="Content-Type" content="text/html;charset=utf-8" />
  <meta name='ocr-system' content='tesseract 3.04.00' />
  <meta name='ocr-capabilities' content='ocr_page ocr_carea ocr_par ocr_line ocrx_word'/>
</head>
<body>
  <div class='ocr_page' id='page_1' title='image "./deaegyptiarumkmn00engeuoft_0096.png"; bbox 0 0 2612 4412; ppageno 0'>
   <div class='ocr_carea' id='block_1_1' title="bbox 1152 957 1630 1019">
    <p class='ocr_par' dir='ltr' id='par_1_1' title="bbox 1152 957 1630 1019">
     <span class='ocr_line' id='line_1_1' title="bbox 1152 957 1630 1019; baseline 0 -3"><span class='ocrx_word' id='word_1_1' title='bbox 1152 957 1490 1016; x_wconf 85' lang='lat' dir='ltr'><strong>CAPUT</strong></span> <span class='ocrx_word' id='word_1_2' title='bbox 1536 957 1630 1019; x_wconf 78' lang='lat' dir='ltr'>V.</span> 
     </span>
    </p>
   </div>
   <div class='ocr_carea' id='block_1_2' title="bbox 1019 1310 1773 1375">
    <p class='ocr_par' dir='ltr' id='par_1_2' title="bbox 1019 1310 1773 1375">
     <span class='ocr_line' id='line_1_2' title="bbox 1019 1310 1773 1375; baseline 0.001 -15"><span class='ocrx_word' id='word_1_3' title='bbox 1019 1323 1124 1360; x_wconf 85' lang='lat' dir='ltr'>DE</span> <span class='ocrx_word' id='word_1_4' title='bbox 1197 1310 1773 1375; x_wconf 80' lang='lat' dir='ltr'>EPlSTATAl).</span> 
     </span>
    </p>
   </div>
   <div class='ocr_carea' id='block_1_3' title="bbox 419 1479 2378 2412">
    <p class='ocr_par' dir='ltr' id='par_1_3' title="bbox 419 1479 2374 1640">
     <span class='ocr_line' id='line_1_3' title="bbox 488 1479 2374 1547; baseline 0.002 -18"><span class='ocrx_word' id='word_1_5' title='bbox 488 1479 704 1545; x_wconf 86' lang='lat' dir='ltr'>Epistata</span> <span class='ocrx_word' id='word_1_6' title='bbox 749 1479 842 1530; x_wconf 90' lang='lat' dir='ltr'>vici</span> <span class='ocrx_word' id='word_1_7' title='bbox 868 1480 908 1545; x_wconf 91' lang='lat'>2)</span> <span class='ocrx_word' id='word_1_8' title='bbox 958 1479 1330 1544; x_wconf 86' lang='lat' dir='ltr'>magistratibus</span> <span class='ocrx_word' id='word_1_9' title='bbox 1366 1484 1560 1546; x_wconf 90' lang='lat' dir='ltr'>praeest</span> <span class='ocrx_word' id='word_1_10' title='bbox 1594 1480 1783 1547; x_wconf 92' lang='lat' dir='ltr'>quibus</span> <span class='ocrx_word' id='word_1_11' title='bbox 1817 1481 2055 1533; x_wconf 84' lang='lat' dir='ltr'>securitas</span> <span class='ocrx_word' id='word_1_12' title='bbox 2088 1479 2374 1547; x_wconf 83' lang='lat' dir='ltr'>disciplina-</span> 
     </span>
     <span class='ocr_line' id='line_1_4' title="bbox 419 1575 1148 1640; baseline 0 -14"><span class='ocrx_word' id='word_1_13' title='bbox 419 1590 520 1640; x_wconf 87' lang='lat' dir='ltr'>que</span> <span class='ocrx_word' id='word_1_14' title='bbox 556 1576 758 1637; x_wconf 89' lang='lat' dir='ltr'>publica</span> <span class='ocrx_word' id='word_1_15' title='bbox 793 1575 1027 1626; x_wconf 87' lang='lat' dir='ltr'>mandata</span> <span class='ocrx_word' id='word_1_16' title='bbox 1061 1579 1148 1627; x_wconf 87' lang='lat' dir='ltr'>est.</span> 
     </span>
    </p>

    <p class='ocr_par' dir='ltr' id='par_1_4' title="bbox 420 1670 2378 2412">
     <span class='ocr_line' id='line_1_5' title="bbox 488 1670 2378 1738; baseline 0.001 -16"><span class='ocrx_word' id='word_1_17' title='bbox 488 1670 652 1722; x_wconf 87' lang='lat' dir='ltr'>Cuius</span> <span class='ocrx_word' id='word_1_18' title='bbox 709 1686 922 1722; x_wconf 89' lang='lat' dir='ltr'>munera</span> <span class='ocrx_word' id='word_1_19' title='bbox 977 1671 1042 1723; x_wconf 93' lang='lat' dir='ltr'>ab</span> <span class='ocrx_word' id='word_1_20' title='bbox 1099 1671 1515 1738; x_wconf 88' lang='lat' dir='ltr'>archiphylacitae</span> <span class='ocrx_word' id='word_1_21' title='bbox 1567 1672 1868 1724; x_wconf 91' lang='lat' dir='ltr'>muneribus</span> <span class='ocrx_word' id='word_1_22' title='bbox 1920 1688 1978 1724; x_wconf 92' lang='lat' dir='ltr'>ea</span> <span class='ocrx_word' id='word_1_23' title='bbox 2029 1687 2082 1724; x_wconf 92' lang='lat' dir='ltr'>re</span> <span class='ocrx_word' id='word_1_24' title='bbox 2131 1672 2378 1725; x_wconf 80' lang='lat' dir='ltr'>differunt</span> 
     </span>
     <span class='ocr_line' id='line_1_6' title="bbox 420 1766 2376 1835; baseline 0.002 -18"><span class='ocrx_word' id='word_1_25' title='bbox 420 1766 563 1832; x_wconf 92' lang='lat' dir='ltr'>quod</span> <span class='ocrx_word' id='word_1_26' title='bbox 617 1767 699 1818; x_wconf 92' lang='lat' dir='ltr'>hic</span> <span class='ocrx_word' id='word_1_27' title='bbox 749 1767 1056 1833; x_wconf 80' lang='grc' dir='ltr'><strong><em>φυλακίταις</em></strong></span> <span class='ocrx_word' id='word_1_28' title='bbox 1106 1771 1297 1818; x_wconf 89' lang='lat' dir='ltr'>tantum</span> <span class='ocrx_word' id='word_1_29' title='bbox 1352 1771 1547 1834; x_wconf 89' lang='lat' dir='ltr'>praeest</span> <span class='ocrx_word' id='word_1_30' title='bbox 1600 1769 1796 1834; x_wconf 88' lang='lat' dir='ltr'>(lingua</span> <span class='ocrx_word' id='word_1_31' title='bbox 1840 1768 2035 1834; x_wconf 88' lang='lat' dir='ltr'>belgica</span> <span class='ocrx_word' id='word_1_32' title='bbox 2081 1768 2376 1835; x_wconf 76' lang='lat' dir='ltr'>„chef-veld-</span> 
     </span>
     <span class='ocr_line' id='line_1_7' title="bbox 423 1859 2378 1931; baseline 0.002 -18"><span class='ocrx_word' id='word_1_33' title='bbox 423 1859 706 1928; x_wconf 64' lang='lat' dir='ltr'>wciclztefl&#39;),</span> <span class='ocrx_word' id='word_1_34' title='bbox 760 1863 842 1913; x_wconf 92' lang='lat' dir='ltr'>ille</span> <span class='ocrx_word' id='word_1_35' title='bbox 893 1862 1136 1914; x_wconf 90' lang='lat' dir='ltr'>omnibus</span> <span class='ocrx_word' id='word_1_36' title='bbox 1183 1863 1558 1928; x_wconf 83' lang='lat' dir='ltr'>magistratibus</span> <span class='ocrx_word' id='word_1_37' title='bbox 1603 1864 1667 1915; x_wconf 92' lang='lat' dir='ltr'>ad</span> <span class='ocrx_word' id='word_1_38' title='bbox 1715 1879 1848 1930; x_wconf 93' lang='lat' dir='ltr'>quos</span> <span class='ocrx_word' id='word_1_39' title='bbox 1892 1863 2130 1916; x_wconf 87' lang='lat' dir='ltr'><strong>securitas</strong></span> <span class='ocrx_word' id='word_1_40' title='bbox 2174 1864 2378 1931; x_wconf 89' lang='lat' dir='ltr'>publica</span> 
     </span>
     <span class='ocr_line' id='line_1_8' title="bbox 421 1959 2374 2026; baseline 0.002 -18"><span class='ocrx_word' id='word_1_41' title='bbox 421 1959 634 2024; x_wconf 83' lang='lat' dir='ltr'>pertinet</span> <span class='ocrx_word' id='word_1_42' title='bbox 655 1959 713 2024; x_wconf 89' lang='lat'>3).</span> <span class='ocrx_word' id='word_1_43' title='bbox 760 1959 919 2024; x_wconf 86' lang='lat' dir='ltr'>Saepe</span> <span class='ocrx_word' id='word_1_44' title='bbox 955 1974 1076 2010; x_wconf 90' lang='lat' dir='ltr'>vero</span> <span class='ocrx_word' id='word_1_45' title='bbox 1110 1959 1266 2011; x_wconf 88' lang='lat' dir='ltr'>altero</span> <span class='ocrx_word' id='word_1_46' title='bbox 1302 1975 1513 2011; x_wconf 89' lang='lat' dir='ltr'>munere</span> <span class='ocrx_word' id='word_1_47' title='bbox 1547 1963 1752 2011; x_wconf 85' lang='lat' dir='ltr'>vacante</span> <span class='ocrx_word' id='word_1_48' title='bbox 1786 1964 2060 2026; x_wconf 88' lang='lat' dir='ltr'>utrumque</span> <span class='ocrx_word' id='word_1_49' title='bbox 2093 1961 2158 2012; x_wconf 90' lang='lat' dir='ltr'>ab</span> <span class='ocrx_word' id='word_1_50' title='bbox 2193 1960 2374 2013; x_wconf 89' lang='lat' dir='ltr'>eodem</span> 
     </span>
     <span class='ocr_line' id='line_1_9' title="bbox 420 2055 2378 2124; baseline 0.002 -19"><span class='ocrx_word' id='word_1_51' title='bbox 420 2055 532 2106; x_wconf 91' lang='lat' dir='ltr'>viro</span> <span class='ocrx_word' id='word_1_52' title='bbox 567 2055 758 2120; x_wconf 86' lang='lat' dir='ltr'>geritur</span> <span class='ocrx_word' id='word_1_53' title='bbox 780 2057 848 2119; x_wconf 83' lang='lat'>4):</span> <span class='ocrx_word' id='word_1_54' title='bbox 883 2055 956 2107; x_wconf 92' lang='lat' dir='ltr'>sic</span> <span class='ocrx_word' id='word_1_55' title='bbox 993 2055 1284 2107; x_wconf 90' lang='lat' dir='ltr'>Demetrius</span> <span class='ocrx_word' id='word_1_56' title='bbox 1318 2056 1526 2121; x_wconf 89' lang='lat' dir='ltr'>quidam</span> <span class='ocrx_word' id='word_1_57' title='bbox 1562 2071 1700 2108; x_wconf 92' lang='lat' dir='ltr'>anno</span> <span class='ocrx_word' id='word_1_58' title='bbox 1734 2060 1848 2108; x_wconf 87' lang='lat' dir='ltr'>ante</span> <span class='ocrx_word' id='word_1_59' title='bbox 1883 2057 1942 2109; x_wconf 92' lang='lat' dir='ltr'>C.</span> <span class='ocrx_word' id='word_1_60' title='bbox 1979 2058 2072 2109; x_wconf 91' lang='lat'>118</span> <span class='ocrx_word' id='word_1_61' title='bbox 2099 2057 2378 2124; x_wconf 86' lang='lat' dir='ltr'>appellatur</span> 
     </span>
     <span class='ocr_line' id='line_1_10' title="bbox 423 2150 2377 2219; baseline 0.002 -18"><span class='ocrx_word' id='word_1_62' title='bbox 423 2150 681 2215; x_wconf 82' lang='grc' dir='ltr'><em>διεξάγων</em></span> <span class='ocrx_word' id='word_1_63' title='bbox 726 2150 786 2201; x_wconf 83' lang='grc' dir='ltr'>τὰ</span> <span class='ocrx_word' id='word_1_64' title='bbox 833 2150 966 2201; x_wconf 85' lang='grc' dir='ltr'><em>κατὰ</em></span> <span class='ocrx_word' id='word_1_65' title='bbox 1012 2151 1104 2218; x_wconf 83' lang='grc' dir='ltr'>τὴν</span> <span class='ocrx_word' id='word_1_66' title='bbox 1150 2151 1466 2202; x_wconf 81' lang='grc' dir='ltr'><strong><em>ἕπιστατείαν</em></strong></span> <span class='ocrx_word' id='word_1_67' title='bbox 1507 2151 1597 2202; x_wconf 82' lang='grc' dir='ltr'>καὶ</span> <span class='ocrx_word' id='word_1_68' title='bbox 1632 2152 2088 2219; x_wconf 83' lang='grc' dir='ltr'><strong><em>ἀρχιφυλακιτείαν</em></strong></span> <span class='ocrx_word' id='word_1_69' title='bbox 2122 2153 2218 2205; x_wconf 90' lang='lat' dir='ltr'>vici</span> <span class='ocrx_word' id='word_1_70' title='bbox 2254 2152 2377 2205; x_wconf 85' lang='lat' dir='ltr'>Cer-</span> 
     </span>
     <span class='ocr_line' id='line_1_11' title="bbox 422 2247 2376 2315; baseline 0.002 -16"><span class='ocrx_word' id='word_1_71' title='bbox 422 2247 684 2299; x_wconf 91' lang='lat' dir='ltr'>ceosiridis</span> <span class='ocrx_word' id='word_1_72' title='bbox 716 2248 790 2313; x_wconf 85' lang='lat'>5),</span> <span class='ocrx_word' id='word_1_73' title='bbox 843 2263 980 2299; x_wconf 89' lang='lat' dir='ltr'>anno</span> <span class='ocrx_word' id='word_1_74' title='bbox 1033 2250 1200 2299; x_wconf 88' lang='lat' dir='ltr'>autern</span> <span class='ocrx_word' id='word_1_75' title='bbox 1252 2247 1580 2313; x_wconf 87' lang='lat' dir='ltr'>praecedente</span> <span class='ocrx_word' id='word_1_76' title='bbox 1639 2249 1732 2299; x_wconf 91' lang='lat'>117</span> <span class='ocrx_word' id='word_1_77' title='bbox 1783 2249 1989 2315; x_wconf 88' lang='lat' dir='ltr'>epistata</span> <span class='ocrx_word' id='word_1_78' title='bbox 2038 2252 2231 2301; x_wconf 88' lang='lat' dir='ltr'>tantum</span> <span class='ocrx_word' id='word_1_79' title='bbox 2274 2252 2376 2313; x_wconf 88' lang='lat' dir='ltr'>est,</span> 
     </span>
     <span class='ocr_line' id='line_1_12' title="bbox 422 2343 2096 2412; baseline 0.001 -17"><span class='ocrx_word' id='word_1_80' title='bbox 422 2359 539 2395; x_wconf 90' lang='lat' dir='ltr'>cum</span> <span class='ocrx_word' id='word_1_81' title='bbox 575 2344 802 2396; x_wconf 88' lang='lat' dir='ltr'>Nicanor</span> <span class='ocrx_word' id='word_1_82' title='bbox 835 2343 1044 2410; x_wconf 90' lang='lat' dir='ltr'>quidam</span> <span class='ocrx_word' id='word_1_83' title='bbox 1079 2343 1496 2410; x_wconf 88' lang='lat' dir='ltr'>archiphylacitae</span> <span class='ocrx_word' id='word_1_84' title='bbox 1530 2359 1742 2397; x_wconf 89' lang='lat' dir='ltr'>munere</span> <span class='ocrx_word' id='word_1_85' title='bbox 1775 2345 2005 2411; x_wconf 85' lang='lat' dir='ltr'>fungitur</span> <span class='ocrx_word' id='word_1_86' title='bbox 2037 2346 2096 2412; x_wconf 85' lang='grc'>6).</span> 
     </span>
    </p>
   </div>
   <div class='ocr_carea' id='block_1_4' title="bbox 422 2467 687 2473">
    <p class='ocr_par' dir='ltr' id='par_1_5' title="bbox 422 2467 687 2473">
     <span class='ocr_line' id='line_1_13' title="bbox 422 2467 687 2473; baseline 0 0"><span class='ocrx_word' id='word_1_87' title='bbox 422 2467 687 2473; x_wconf 95' lang='lat' dir='ltr'> </span> 
     </span>
    </p>
   </div>
   <div class='ocr_carea' id='block_1_5' title="bbox 427 2539 2384 3759">
    <p class='ocr_par' dir='ltr' id='par_1_6' title="bbox 479 2539 1020 2590">
     <span class='ocr_line' id='line_1_14' title="bbox 479 2539 1020 2590; baseline 0 -11"><span class='ocrx_word' id='word_1_88' title='bbox 479 2539 514 2590; x_wconf 93' lang='grc'>1)</span> <span class='ocrx_word' id='word_1_89' title='bbox 573 2539 637 2579; x_wconf 87' lang='lat' dir='ltr'>De</span> <span class='ocrx_word' id='word_1_90' title='bbox 665 2539 840 2590; x_wconf 87' lang='lat' dir='ltr'>epistata</span> <span class='ocrx_word' id='word_1_91' title='bbox 867 2541 1020 2589; x_wconf 85' lang='lat' dir='ltr'>agunt:</span> 
     </span>
    </p>

    <p class='ocr_par' dir='ltr' id='par_1_7' title="bbox 481 2616 1206 2668">
     <span class='ocr_line' id='line_1_15' title="bbox 481 2616 1206 2668; baseline 0.001 -12"><span class='ocrx_word' id='word_1_92' title='bbox 481 2617 711 2657; x_wconf 91' lang='lat' dir='ltr'>Lumbroso</span> <span class='ocrx_word' id='word_1_93' title='bbox 726 2648 735 2666; x_wconf 86' lang='lat'><em>,</em></span> <span class='ocrx_word' id='word_1_94' title='bbox 765 2616 1014 2661; x_wconf 76' lang='lat' dir='ltr'>Recherclzes</span> <span class='ocrx_word' id='word_1_95' title='bbox 1041 2628 1082 2668; x_wconf 88' lang='lat' dir='ltr'>p.</span> <span class='ocrx_word' id='word_1_96' title='bbox 1112 2618 1206 2658; x_wconf 89' lang='lat'><strong>252.</strong></span> 
     </span>
    </p>

    <p class='ocr_par' dir='ltr' id='par_1_8' title="bbox 476 2694 1888 2747">
     <span class='ocr_line' id='line_1_16' title="bbox 476 2694 1888 2747; baseline 0.001 -12"><span class='ocrx_word' id='word_1_97' title='bbox 476 2695 659 2746; x_wconf 82' lang='lat' dir='ltr'>Jouguet</span> <span class='ocrx_word' id='word_1_98' title='bbox 686 2696 726 2735; x_wconf 86' lang='lat' dir='ltr'>et</span> <span class='ocrx_word' id='word_1_99' title='bbox 756 2694 972 2745; x_wconf 82' lang='lat' dir='ltr'>Lefebvre,</span> <span class='ocrx_word' id='word_1_100' title='bbox 1002 2695 1115 2735; x_wconf 79' lang='lat' dir='ltr'>Ball.</span> <span class='ocrx_word' id='word_1_101' title='bbox 1146 2695 1188 2735; x_wconf 86' lang='lat' dir='ltr'>d.</span> <span class='ocrx_word' id='word_1_102' title='bbox 1222 2694 1342 2736; x_wconf 83' lang='lat' dir='ltr'>Corr.</span> <span class='ocrx_word' id='word_1_103' title='bbox 1373 2695 1482 2735; x_wconf 85' lang='lat' dir='ltr'>Hell.</span> <span class='ocrx_word' id='word_1_104' title='bbox 1514 2695 1642 2735; x_wconf 91' lang='lat' dir='ltr'>XXVI</span> <span class='ocrx_word' id='word_1_105' title='bbox 1673 2706 1713 2746; x_wconf 89' lang='lat' dir='ltr'>p.</span> <span class='ocrx_word' id='word_1_106' title='bbox 1744 2696 1797 2736; x_wconf 86' lang='lat'>97</span> <span class='ocrx_word' id='word_1_107' title='bbox 1826 2706 1888 2747; x_wconf 89' lang='lat' dir='ltr'>sq.</span> 
     </span>
    </p>

    <p class='ocr_par' dir='ltr' id='par_1_9' title="bbox 483 2772 1528 2824">
     <span class='ocr_line' id='line_1_17' title="bbox 483 2772 1528 2824; baseline -0.003 -9"><span class='ocrx_word' id='word_1_108' title='bbox 483 2773 623 2815; x_wconf 89' lang='lat' dir='ltr'>Rafael</span> <span class='ocrx_word' id='word_1_109' title='bbox 652 2773 992 2824; x_wconf 79' lang='lat' dir='ltr'>Taubenschlag,</span> <span class='ocrx_word' id='word_1_110' title='bbox 1022 2772 1179 2813; x_wconf 78' lang='lat' dir='ltr'>Archiv</span> <span class='ocrx_word' id='word_1_111' title='bbox 1207 2773 1261 2814; x_wconf 91' lang='lat' dir='ltr'>IV</span> <span class='ocrx_word' id='word_1_112' title='bbox 1289 2785 1331 2824; x_wconf 89' lang='lat' dir='ltr'>p.</span> <span class='ocrx_word' id='word_1_113' title='bbox 1360 2774 1528 2814; x_wconf 84' lang='lat'>35—38.</span> 
     </span>
    </p>

    <p class='ocr_par' dir='ltr' id='par_1_10' title="bbox 484 2850 1908 2903">
     <span class='ocr_line' id='line_1_18' title="bbox 484 2850 1908 2903; baseline 0.001 -12"><span class='ocrx_word' id='word_1_114' title='bbox 484 2850 894 2902; x_wconf 74' lang='lat' dir='ltr'>Bouche-Leclercq,</span> <span class='ocrx_word' id='word_1_115' title='bbox 925 2851 1036 2891; x_wconf 82' lang='lat' dir='ltr'>Hist.</span> <span class='ocrx_word' id='word_1_116' title='bbox 1068 2852 1109 2891; x_wconf 84' lang='lat' dir='ltr'>d.</span> <span class='ocrx_word' id='word_1_117' title='bbox 1140 2851 1246 2902; x_wconf 82' lang='lat' dir='ltr'>Lag.</span> <span class='ocrx_word' id='word_1_118' title='bbox 1267 2851 1347 2903; x_wconf 74' lang='lat' dir='ltr'>(cf.</span> <span class='ocrx_word' id='word_1_119' title='bbox 1381 2851 1507 2891; x_wconf 88' lang='lat' dir='ltr'>Index</span> <span class='ocrx_word' id='word_1_120' title='bbox 1535 2850 1703 2901; x_wconf 68' lang='lat' dir='ltr'>general</span> <span class='ocrx_word' id='word_1_121' title='bbox 1731 2863 1773 2902; x_wconf 87' lang='lat' dir='ltr'>p.</span> <span class='ocrx_word' id='word_1_122' title='bbox 1802 2851 1908 2903; x_wconf 86' lang='lat'>374).</span> 
     </span>
    </p>

    <p class='ocr_par' dir='ltr' id='par_1_11' title="bbox 485 2929 2119 2981">
     <span class='ocr_line' id='line_1_19' title="bbox 485 2929 2119 2981; baseline 0 -12"><span class='ocrx_word' id='word_1_123' title='bbox 485 2930 710 2980; x_wconf 87' lang='lat' dir='ltr'>Praecipue</span> <span class='ocrx_word' id='word_1_124' title='bbox 738 2940 863 2970; x_wconf 89' lang='lat' dir='ltr'>vero:</span> <span class='ocrx_word' id='word_1_125' title='bbox 895 2929 997 2970; x_wconf 85' lang='lat' dir='ltr'>Paul</span> <span class='ocrx_word' id='word_1_126' title='bbox 1027 2929 1084 2969; x_wconf 88' lang='lat' dir='ltr'>M.</span> <span class='ocrx_word' id='word_1_127' title='bbox 1115 2930 1278 2981; x_wconf 86' lang='lat' dir='ltr'>Meyer,</span> <span class='ocrx_word' id='word_1_128' title='bbox 1310 2929 1407 2974; x_wconf 81' lang='lat' dir='ltr'>Klio</span> <span class='ocrx_word' id='word_1_129' title='bbox 1435 2929 1491 2969; x_wconf 93' lang='lat' dir='ltr'>VI</span> <span class='ocrx_word' id='word_1_130' title='bbox 1521 2940 1563 2979; x_wconf 91' lang='lat' dir='ltr'>p.</span> <span class='ocrx_word' id='word_1_131' title='bbox 1593 2929 1671 2970; x_wconf 86' lang='lat'>459</span> <span class='ocrx_word' id='word_1_132' title='bbox 1700 2940 1818 2980; x_wconf 87' lang='lat' dir='ltr'>sqq.;</span> <span class='ocrx_word' id='word_1_133' title='bbox 1850 2929 1926 2969; x_wconf 89' lang='lat' dir='ltr'>VII</span> <span class='ocrx_word' id='word_1_134' title='bbox 1956 2940 1999 2980; x_wconf 93' lang='lat' dir='ltr'>p.</span> <span class='ocrx_word' id='word_1_135' title='bbox 2029 2929 2119 2970; x_wconf 81' lang='lat'>290.</span> 
     </span>
    </p>

    <p class='ocr_par' dir='ltr' id='par_1_12' title="bbox 427 3006 2384 3215">
     <span class='ocr_line' id='line_1_20' title="bbox 482 3006 2383 3058; baseline 0 -11"><span class='ocrx_word' id='word_1_136' title='bbox 482 3007 518 3058; x_wconf 88' lang='lat'>2)</span> <span class='ocrx_word' id='word_1_137' title='bbox 577 3007 623 3047; x_wconf 92' lang='lat' dir='ltr'>In</span> <span class='ocrx_word' id='word_1_138' title='bbox 650 3008 760 3058; x_wconf 82' lang='lat' dir='ltr'>Pap.</span> <span class='ocrx_word' id='word_1_139' title='bbox 794 3008 905 3048; x_wconf 79' lang='lat' dir='ltr'>Tebt.</span> <span class='ocrx_word' id='word_1_140' title='bbox 940 3008 980 3057; x_wconf 82' lang='grc' dir='ltr'>Ι,</span> <span class='ocrx_word' id='word_1_141' title='bbox 1015 3009 1087 3048; x_wconf 87' lang='lat'>133</span> <span class='ocrx_word' id='word_1_142' title='bbox 1118 3019 1237 3048; x_wconf 89' lang='lat' dir='ltr'>verso</span> <span class='ocrx_word' id='word_1_143' title='bbox 1266 3007 1413 3058; x_wconf 89' lang='lat' dir='ltr'>petitio</span> <span class='ocrx_word' id='word_1_144' title='bbox 1441 3009 1525 3057; x_wconf 77' lang='lat' dir='ltr'>est,</span> <span class='ocrx_word' id='word_1_145' title='bbox 1555 3007 1653 3048; x_wconf 82' lang='lat' dir='ltr'>data</span> <span class='ocrx_word' id='word_1_146' title='bbox 1666 3006 1953 3058; x_wconf 83' lang='lat' dir='ltr'>Agatharcho,</span> <span class='ocrx_word' id='word_1_147' title='bbox 1984 3007 2181 3058; x_wconf 78' lang='lat' dir='ltr'>epistatae</span> <span class='ocrx_word' id='word_1_148' title='bbox 2204 3007 2383 3049; x_wconf 87' lang='lat' dir='ltr'>duorum</span> 
     </span>
     <span class='ocr_line' id='line_1_21' title="bbox 427 3085 2384 3137; baseline 0.001 -11"><span class='ocrx_word' id='word_1_149' title='bbox 427 3086 615 3126; x_wconf 89' lang='lat' dir='ltr'>vicorum</span> <span class='ocrx_word' id='word_1_150' title='bbox 659 3085 958 3126; x_wconf 89' lang='lat' dir='ltr'>Cerceosiridis</span> <span class='ocrx_word' id='word_1_151' title='bbox 1005 3088 1046 3126; x_wconf 85' lang='lat' dir='ltr'>et</span> <span class='ocrx_word' id='word_1_152' title='bbox 1082 3086 1390 3136; x_wconf 86' lang='lat' dir='ltr'>Theogonidis;</span> <span class='ocrx_word' id='word_1_153' title='bbox 1441 3086 1513 3126; x_wconf 91' lang='lat' dir='ltr'>sed</span> <span class='ocrx_word' id='word_1_154' title='bbox 1558 3085 1818 3136; x_wconf 90' lang='lat' dir='ltr'>aliquamdiu</span> <span class='ocrx_word' id='word_1_155' title='bbox 1857 3086 2018 3126; x_wconf 84' lang='lat' dir='ltr'>tantum</span> <span class='ocrx_word' id='word_1_156' title='bbox 2061 3085 2277 3137; x_wconf 84' lang='lat' dir='ltr'>utriusque</span> <span class='ocrx_word' id='word_1_157' title='bbox 2302 3085 2384 3127; x_wconf 84' lang='lat' dir='ltr'>vici</span> 
     </span>
     <span class='ocr_line' id='line_1_22' title="bbox 429 3161 2077 3215; baseline 0 -11"><span class='ocrx_word' id='word_1_158' title='bbox 429 3161 697 3204; x_wconf 80' lang='grc' dir='ltr'><strong><em>ε’πιστατείαν</em></strong></span> <span class='ocrx_word' id='word_1_159' title='bbox 727 3164 796 3204; x_wconf 92' lang='lat' dir='ltr'>ille</span> <span class='ocrx_word' id='word_1_160' title='bbox 825 3164 1001 3214; x_wconf 84' lang='lat' dir='ltr'>gessisse</span> <span class='ocrx_word' id='word_1_161' title='bbox 1029 3164 1216 3212; x_wconf 88' lang='lat' dir='ltr'>videtur;</span> <span class='ocrx_word' id='word_1_162' title='bbox 1247 3163 1299 3204; x_wconf 81' lang='lat' dir='ltr'>cf.</span> <span class='ocrx_word' id='word_1_163' title='bbox 1331 3163 1517 3204; x_wconf 90' lang='lat' dir='ltr'>eiusdem</span> <span class='ocrx_word' id='word_1_164' title='bbox 1547 3163 1693 3215; x_wconf 88' lang='lat' dir='ltr'>papyri</span> <span class='ocrx_word' id='word_1_165' title='bbox 1722 3165 1881 3214; x_wconf 90' lang='lat' dir='ltr'>partem</span> <span class='ocrx_word' id='word_1_166' title='bbox 1911 3165 2077 3204; x_wconf 88' lang='lat' dir='ltr'>rectam.</span> 
     </span>
    </p>

    <p class='ocr_par' dir='ltr' id='par_1_13' title="bbox 430 3239 2382 3371">
     <span class='ocr_line' id='line_1_23' title="bbox 484 3239 2382 3293; baseline 0.001 -12"><span class='ocrx_word' id='word_1_167' title='bbox 484 3241 519 3292; x_wconf 86' lang='lat'>3)</span> <span class='ocrx_word' id='word_1_168' title='bbox 579 3242 623 3281; x_wconf 91' lang='lat' dir='ltr'>In</span> <span class='ocrx_word' id='word_1_169' title='bbox 664 3242 815 3282; x_wconf 91' lang='lat' dir='ltr'>nostris</span> <span class='ocrx_word' id='word_1_170' title='bbox 853 3242 956 3282; x_wconf 89' lang='lat' dir='ltr'>vicis</span> <span class='ocrx_word' id='word_1_171' title='bbox 995 3253 1149 3282; x_wconf 87' lang='lat' dir='ltr'>munus</span> <span class='ocrx_word' id='word_1_172' title='bbox 1187 3242 1387 3292; x_wconf 87' lang='lat' dir='ltr'>epistatae</span> <span class='ocrx_word' id='word_1_173' title='bbox 1426 3241 1668 3282; x_wconf 79' lang='lat' dir='ltr'>mandatum</span> <span class='ocrx_word' id='word_1_174' title='bbox 1710 3243 1771 3281; x_wconf 89' lang='lat' dir='ltr'>est</span> <span class='ocrx_word' id='word_1_175' title='bbox 1799 3241 2058 3292; x_wconf 85' lang='lat' dir='ltr'>magistratui</span> <span class='ocrx_word' id='word_1_176' title='bbox 2087 3252 2212 3293; x_wconf 89' lang='lat' dir='ltr'>quem</span> <span class='ocrx_word' id='word_1_177' title='bbox 2240 3239 2382 3292; x_wconf 86' lang='lat' dir='ltr'>appel-</span> 
     </span>
     <span class='ocr_line' id='line_1_24' title="bbox 430 3319 957 3371; baseline 0.002 -12"><span class='ocrx_word' id='word_1_178' title='bbox 430 3320 565 3360; x_wconf 88' lang='lat' dir='ltr'>lamus</span> <span class='ocrx_word' id='word_1_179' title='bbox 598 3319 957 3371; x_wconf 69' lang='lat' dir='ltr'>‚,hurgemeestet³’.</span> 
     </span>
    </p>

    <p class='ocr_par' dir='ltr' id='par_1_14' title="bbox 434 3396 2383 3527">
     <span class='ocr_line' id='line_1_25' title="bbox 489 3396 2383 3449; baseline -0.001 -11"><span class='ocrx_word' id='word_1_180' title='bbox 489 3398 714 3448; x_wconf 85' lang='lat' dir='ltr'>Epistatam</span> <span class='ocrx_word' id='word_1_181' title='bbox 744 3398 1093 3449; x_wconf 90' lang='lat' dir='ltr'>archiphylacitae</span> <span class='ocrx_word' id='word_1_182' title='bbox 1122 3398 1378 3448; x_wconf 89' lang='lat' dir='ltr'>superiorem</span> <span class='ocrx_word' id='word_1_183' title='bbox 1408 3397 1536 3437; x_wconf 88' lang='lat' dir='ltr'>fuisse</span> <span class='ocrx_word' id='word_1_184' title='bbox 1565 3397 1703 3437; x_wconf 91' lang='lat' dir='ltr'>lucide</span> <span class='ocrx_word' id='word_1_185' title='bbox 1732 3398 1902 3448; x_wconf 88' lang='lat' dir='ltr'>apparet</span> <span class='ocrx_word' id='word_1_186' title='bbox 1931 3408 1980 3437; x_wconf 90' lang='lat' dir='ltr'>ex</span> <span class='ocrx_word' id='word_1_187' title='bbox 2007 3396 2059 3437; x_wconf 89' lang='grc' dir='ltr'>Β.</span> <span class='ocrx_word' id='word_1_188' title='bbox 2092 3396 2146 3437; x_wconf 81' lang='lat' dir='ltr'>G.</span> <span class='ocrx_word' id='word_1_189' title='bbox 2181 3396 2233 3438; x_wconf 90' lang='lat' dir='ltr'>U.</span> <span class='ocrx_word' id='word_1_190' title='bbox 2261 3397 2383 3445; x_wconf 87' lang='grc'><strong>1012,</strong></span> 
     </span>
     <span class='ocr_line' id='line_1_26' title="bbox 434 3469 1641 3527; baseline -0.001 -12"><span class='ocrx_word' id='word_1_191' title='bbox 434 3469 541 3526; x_wconf 77' lang='lat' dir='ltr'>quae</span> <span class='ocrx_word' id='word_1_192' title='bbox 569 3477 629 3515; x_wconf 89' lang='lat' dir='ltr'>est</span> <span class='ocrx_word' id='word_1_193' title='bbox 658 3475 841 3526; x_wconf 90' lang='lat' dir='ltr'>querella</span> <span class='ocrx_word' id='word_1_194' title='bbox 868 3476 1067 3526; x_wconf 84' lang='lat' dir='ltr'>epistatae</span> <span class='ocrx_word' id='word_1_195' title='bbox 1097 3475 1149 3516; x_wconf 90' lang='lat' dir='ltr'>de</span> <span class='ocrx_word' id='word_1_196' title='bbox 1178 3475 1504 3527; x_wconf 88' lang='lat' dir='ltr'>archiphylacita</span> <span class='ocrx_word' id='word_1_197' title='bbox 1533 3475 1641 3516; x_wconf 86' lang='lat' dir='ltr'>data.</span> 
     </span>
    </p>

    <p class='ocr_par' dir='ltr' id='par_1_15' title="bbox 486 3552 1030 3604">
     <span class='ocr_line' id='line_1_27' title="bbox 486 3552 1030 3604; baseline 0 -10"><span class='ocrx_word' id='word_1_198' title='bbox 486 3552 521 3603; x_wconf 85' lang='lat'>4)</span> <span class='ocrx_word' id='word_1_199' title='bbox 579 3554 690 3604; x_wconf 82' lang='lat' dir='ltr'>Pap.</span> <span class='ocrx_word' id='word_1_200' title='bbox 727 3553 838 3593; x_wconf 79' lang='lat' dir='ltr'>Tebt.</span> <span class='ocrx_word' id='word_1_201' title='bbox 870 3554 909 3603; x_wconf 91' lang='lat' dir='ltr'>I,</span> <span class='ocrx_word' id='word_1_202' title='bbox 940 3555 1030 3594; x_wconf 83' lang='lat'>230.</span> 
     </span>
    </p>

    <p class='ocr_par' dir='ltr' id='par_1_16' title="bbox 488 3629 859 3682">
     <span class='ocr_line' id='line_1_28' title="bbox 488 3629 859 3682; baseline 0.005 -12"><span class='ocrx_word' id='word_1_203' title='bbox 488 3629 524 3682; x_wconf 83' lang='lat'>5)</span> <span class='ocrx_word' id='word_1_204' title='bbox 583 3631 688 3671; x_wconf 90' lang='lat' dir='ltr'>lbid.</span> <span class='ocrx_word' id='word_1_205' title='bbox 718 3632 791 3681; x_wconf 75' lang='lat'>43,</span> <span class='ocrx_word' id='word_1_206' title='bbox 821 3633 859 3672; x_wconf 82' lang='lat'>9.</span> 
     </span>
    </p>

    <p class='ocr_par' dir='ltr' id='par_1_17' title="bbox 488 3709 780 3759">
     <span class='ocr_line' id='line_1_29' title="bbox 488 3709 780 3759; baseline 0.003 -10"><span class='ocrx_word' id='word_1_207' title='bbox 488 3709 522 3759; x_wconf 85' lang='lat'>6)</span> <span class='ocrx_word' id='word_1_208' title='bbox 582 3709 686 3750; x_wconf 88' lang='lat' dir='ltr'>Ibid.</span> <span class='ocrx_word' id='word_1_209' title='bbox 715 3711 780 3750; x_wconf 87' lang='lat'>40.</span> 
     </span>
    </p>
   </div>
  </div>
 </body>
</html>
