2612 4412
1120 370 1211 420 103

191 527 256 580 de
290 527 450 579 tribus
484 529 661 593 poetae
688 525 934 591 praeturis
965 523 1303 576 contaminata
1332 538 1441 575 esse
1471 527 1611 590 putat
1630 524 1841 588 (Mnem.
1861 526 1930 575 N.
1948 526 2000 576 S.
2020 526 2142 588 XX,

190 668 240 720 p.
274 652 409 718 213).
446 651 623 704 Potius
657 649 956 702 crediderim
993 649 1076 700 illa
1109 648 1264 700 verba
1298 652 1534 715 corrupta
1568 648 1816 715 pertinere
1850 652 2043 700 tantum
2079 650 2142 700 ad

189 779 471 844 praeturam
508 775 725 827 maxime
759 777 958 838 notam,
1001 773 1031 825 i.
1068 789 1108 825 e.
1144 773 1436 826 secundam.

1078 1018 1254 1070 XVIII.

256 1219 369 1271 Iure
403 1219 734 1271 Leeuwenius
768 1218 820 1270 in
856 1217 1210 1285 Aristophanis
1247 1218 1391 1270 Pacis
1425 1217 1649 1269 editione
1684 1216 2144 1282 interpretationem

187 1344 350 1397 v.693
366 1359 504 1411 sqq.,
539 1359 694 1411 quam
724 1345 848 1398 olim
879 1348 1181 1412 exposuerat
1210 1344 1262 1396 in
1288 1345 1481 1396 Mnem.
1500 1345 1571 1395 N.
1590 1344 1644 1396 S.
1665 1343 1786 1406 XX,
1823 1359 1871 1408 p.
1891 1344 1990 1393 217
2008 1358 2145 1408 sqq.,

189 1473 427 1523 retractat.

1099 1626 1231 1677 XIX.

255 1781 360 1834 luV.
396 1781 493 1834 Sat.
530 1781 622 1845 Vl,
665 1782 759 1833 149
794 1793 898 1847 sq.:

588 1908 775 1959 interea
809 1907 934 1960 calet
966 1911 1014 1959 et
1047 1911 1223 1974 regnat
1256 1907 1519 1974 poscitque
1555 1907 1790 1958 maritum

588 2021 814 2101 pastores
849 2038 897 2086 et
929 2050 1080 2087 ovem
1117 2034 1431 2087 Canusinam
1467 2037 1555 2086 etc.

256 2158 552 2225 Legendum
587 2175 698 2213 esse
731 2176 939 2214 censeo:

588 2285 776 2339 interea
809 2287 972 2340 callet:
1017 2290 1192 2353 regnat
1225 2289 1314 2339 etc.

1114 2532 1223 2583 XX.

258 2686 362 2740 luv.
397 2687 495 2741 Sat.
531 2688 603 2752 X,
641 2689 706 2740 54
740 2703 843 2754 sq.:

455 2803 580 2880 ergo
614 2829 925 2881 supervacua
956 2818 1043 2866 aut
1311 2812 1596 2880 perniciosa
1630 2815 1870 2879 petuntur

455 2943 663 3007 propter
695 2955 826 3007 quae
859 2940 934 2992 fas
969 2943 1043 2992 est
1076 2954 1244 3006 genua
1279 2939 1501 2991 incerare
1535 2939 1768 2991 deorum.

258 3065 480 3118 Maxime
514 3066 576 3118 iis
609 3066 876 3131 assentior,
913 3066 1001 3133 qui
1032 3082 1078 3118 v.
1098 3067 1164 3117 54
1189 3065 1495 3118 vocabulum
1527 3065 1665 3120 „vel”
1686 3066 1931 3119 excidisse
1957 3070 2147 3134 putant.

258 3193 317 3247 V.
352 3194 417 3245 55
451 3193 524 3245 sic
558 3193 832 3260 legendum
869 3208 978 3246 esse
1011 3208 1220 3245 censeo:

459 3323 665 3387 propter
699 3335 829 3387 quae
863 3319 1046 3372 falsum
1083 3323 1156 3372 est
1191 3323 1278 3372 etc.

1104 3550 1237 3602 XXI.

259 3706 374 3759 Tac.
409 3705 541 3758 Arm.
578 3706 684 3771 XV,
723 3706 811 3758 37:
