2612 4412
545 278 561 318 N

1191 375 1222 425 3

230 530 292 582 111
346 530 510 595 1905).
557 529 834 581 Volumine
869 533 1156 595 postremo,
1207 530 1256 580 in
1294 545 1400 595 quo
1437 529 1638 581 edendo
1673 546 1702 580 a
1738 531 1948 596 Smylyo
1984 531 2187 582 adiutus

227 630 325 690 oet,
373 627 560 679 multae
594 626 771 693 papyri
808 626 1158 690 continentur,
1208 628 1307 678 iarn
1344 626 1505 678 editae
1541 628 1592 677 in
1629 626 1729 678 vol.
1768 628 1784 677 l
1821 631 1868 677 et
1907 629 1969 689 ll,
2008 644 2186 679 verum

226 726 403 790 postea
439 738 624 789 magna
658 738 774 774 cum
811 738 933 774 cura
967 723 1254 788 recognitae
1278 726 1326 774 et
1349 726 1612 775 correctae.
1642 753 1685 759 —
1717 723 1899 789 Papyri
1929 725 1997 774 ΡΙ.
2027 724 2188 775 Petrie

227 822 452 886 repertae
497 822 616 871 sunt
661 819 712 870 in
760 819 873 871 vico
910 819 1136 871 Gourob
1185 819 1476 885 provinciae
1514 819 1871 885 Fayurnensis;
1921 820 1985 871 ita
2019 824 2185 871 autem

227 914 597 981 conglutinatae
639 919 780 967 erant
813 915 877 967 ad
915 916 1177 968 involucra
1213 931 1487 982 corporum
1525 920 1628 967 arte
1664 916 2028 968 medicatorum
2067 933 2187 969 con-

226 1011 447 1064 ficienda
497 1015 552 1062 ut
601 1012 832 1078 singulae
895 1013 1072 1079 papyri
1126 1012 1479 1064 dissolvendae
1542 1016 1708 1063 essent
1764 1015 2032 1078 antequam
2089 1013 2187 1078 legi

227 1110 566 1177 explioerique
601 1111 870 1176 potuerint.
941 1111 1141 1163 Omnes
1179 1110 1361 1177 Papyri
1400 1110 1470 1161 Fl.
1516 1111 1678 1162 Petrie
1717 1111 1929 1177 scriptae
1964 1116 2082 1162 sunt
2125 1112 2185 1161 111

226 1211 342 1260 ante
382 1208 442 1260 C.
484 1209 700 1260 saeculo.
739 1209 903 1274 (Pap.
954 1209 1174 1259 Petrie
1209 1208 1316 1259 sive
1354 1209 1408 1259 P.
1448 1208 1539 1272 P.).

250 1319 253 1321 “
298 1305 494 1359 „Greek
536 1306 731 1372 Papyri
773 1306 828 1356 in
875 1306 960 1356 tlte
1002 1305 1197 1356 Britislz
1239 1306 1524 1356 Musenm.''
1577 1304 1862 1370 Catalogue
1898 1306 2012 1355 wltlz
2049 1308 2188 1356 texts.

229 1401 363 1467 (Vol.
402 1403 417 1453 1
462 1403 608 1466 1893,
659 1403 698 1453 11
748 1403 897 1465 1898,
949 1403 1009 1452 Ill
1053 1403 1214 1466 1907.)
1264 1401 1506 1462 Quorum
1543 1400 1808 1452 volumina
1844 1402 1859 1452 1
1898 1406 1946 1452 et
1982 1403 2019 1452 II
2058 1402 2190 1453 edita

227 1503 348 1551 sunt
391 1515 422 1550 a
466 1513 589 1550 vpc.
628 1499 678 1550 F.
717 1499 783 1550 G.
823 1499 1064 1565 Kenyon,
1113 1498 1211 1549 vol.
1249 1499 1308 1548 111
1345 1513 1375 1548 a
1416 1515 1460 1548 v.
1498 1514 1537 1549 c.
1577 1498 1790 1564 Kenyon
1828 1502 1875 1548 et
1911 1499 2031 1549 Bell.
2093 1499 2189 1551 His

226 1597 394 1646 autem
431 1594 782 1646 voluminibus
818 1609 1005 1660 paucae
1041 1597 1233 1644 tantum
1271 1593 1446 1659 papyri
1483 1594 1828 1657 continentur,
1874 1610 2005 1659 quae
2040 1596 2188 1660 perti-

228 1694 351 1742 nent
381 1690 446 1742 ad
481 1693 687 1742 aetatem
727 1690 1152 1742 Ptolemaeorum.
1198 1691 1363 1756 (Pap.
1414 1690 1564 1741 Brit.
1614 1692 1807 1756 Mus).

293 1787 374 1840 Ad
413 1787 715 1854 Lagidarum
748 1787 1005 1853 vectigalia
1029 1787 1387 1852 cognoscenda
1411 1789 1582 1852 magni
1606 1790 1727 1838 sunt
1751 1789 2021 1850 momenti,
2058 1803 2188 1854 quae

227 1899 365 1936 anno
417 1885 545 1936 1896
596 1884 834 1937 Oxoniae
881 1883 932 1933 in
980 1883 1142 1934 lucem
1198 1882 1499 1949 prodierunt
1559 1884 1698 1935 „lee
1754 1884 1987 1941 Revenae
2043 1886 2190 1935 Laws

227 1980 292 2047 os
325 1980 552 2047 Ptolemy
595 1980 1016 2045 Philadelphas'',
1066 1979 1237 2031 edited
1266 1979 1410 2044 from
1454 1995 1490 2030 a
1538 1980 1702 2031 Greek
1742 1996 1970 2046 papyrus
2017 1981 2071 2031 in
2107 1982 2192 2031 tlte

227 2078 481 2130 Bodleian
515 2078 705 2144 libraty
740 2078 857 2129 witlz
897 2093 931 2128 a
972 2078 1281 2129 translation
1296 2118 1307 2140 ,
1362 2080 1698 2143 commentaty
1737 2079 1849 2129 aad
1885 2080 2190 2144 appendices

226 2176 291 2242 by
321 2175 382 2227 B.
417 2175 477 2227 Ρ.
517 2175 750 2242 Grenfell
789 2175 903 2226 and
942 2190 1013 2225 an
1061 2175 1404 2226 introduction
1450 2175 1513 2240 by
1533 2176 1585 2242 J.
1621 2175 1682 2225 Ρ.
1718 2176 1974 2242 Malzaffiae.
2029 2177 2190 2228 Multa

226 2275 348 2324 sunt
390 2271 528 2324 iussa
574 2271 848 2324 Ptolemaei
899 2256 1219 2337 Philadelphi
1267 2286 1490 2336 quorum
1538 2287 1669 2337 quae
1717 2272 1830 2324 Col.
1872 2275 2031 2323 1—22
2067 2289 2188 2324 eon-

226 2368 469 2433 tinentur,
530 2369 702 2435 quoad
773 2384 835 2420 ex
898 2369 1067 2420 verbis
1126 2368 1364 2420 mutilatis
1418 2368 1587 2434 colligi
1650 2369 1832 2434 possit,
1897 2385 2028 2435 quae
2090 2371 2190 2421 sint

227 2465 625 2518 necessitudines
676 2465 805 2517 inter
849 2465 1187 2517 conductores
1233 2465 1551 2530 vectigalium
1601 2469 1649 2516 et
1700 2466 2041 2531 magistratus,
2109 2467 2187 2517 in-

227 2561 406 2628 primis
453 2561 742 2628 οἰκονόμον
787 2565 836 2614 et
880 2562 1228 2628 ἀντιγραφέα,
1277 2562 1614 2625 constituunt;
1671 2562 1784 2614 Col.
1843 2564 2041 2613 23-—37
2090 2564 2187 2614 iam

227 2657 406 2712 iubent
455 2657 784 2725 ἀπομοίραν,
838 2658 867 2710 i.
927 2674 970 2709 e.
1021 2662 1210 2710 sextam
1271 2662 1461 2724 partem
1521 2659 1777 2710 fructuum
1836 2659 2188 2725 pomariorum

227 2760 276 2807 et
313 2733 628 2819 vinetorum,
675 2770 807 2821 quae
865 2770 1029 2821 usque
1074 2755 1138 2806 ad
1192 2755 1317 2806 illud
1365 2759 1567 2822 tempus
1612 2755 1722 2806 aliis
1767 2755 1877 2807 deis
1929 2756 2189 2823 Aegyptiis

227 2850 466 2915 dabatur,
520 2851 572 2903 in
637 2855 896 2919 posterum
956 2852 1064 2904 dari
1123 2851 1393 2914 Arsinoae,
1445 2851 1764 2918 Philadelphi
1823 2853 1996 2915 uxori,
2062 2853 2190 2905 inter

227 2946 356 3000 deos
389 2947 568 3001 relatae
580 2965 592 3012 ;
634 2947 859 3014 denique
877 2947 992 3000 Col.
1024 2950 1088 3000 38
1108 2963 1219 3015 sqq.
1257 2949 1414 3000 multa
1449 2949 1751 3015 praescripta
1785 2949 2190 3015 complectuntur

227 3043 420 3110 quibus
453 3044 551 3097 olei
579 3044 963 3112 monopolium,
1000 3045 1143 3111 quod
1169 3048 1242 3097 est
1266 3045 1423 3111 regiS,
1459 3048 1776 3098 sustentetur.
1816 3045 1978 3111 (Rev.
2019 3047 2189 3097 Laws

228 3140 336 3194 sive
371 3140 512 3198 Rev.
550 3141 714 3208 Pap.)

271 3235 377 3289 ‘Ab
422 3236 602 3289 eodem
650 3237 843 3290 editore
889 3236 1071 3289 eodem
1119 3252 1256 3289 anno
1304 3237 1436 3289 edita
1481 3242 1623 3289 sunt:
1675 3237 1790 3291 „An
1831 3239 2186 3290 Alexandrian

227 3333 383 3385 erotic
415 3333 681 3400 fragment
721 3334 834 3385 and
879 3334 1025 3385 otlzer
1053 3334 1215 3386 Greek
1255 3334 1448 3401 Papyri
1484 3334 1664 3401 chiefly
1695 3335 2016 3397 Ptolemaic'',
2065 3351 2188 3401 qua—

230 3443 344 3481 rum
380 3428 445 3481 ad
483 3428 890 3482 Ptolemaeorum
926 3433 1134 3482 aetatem
1173 3431 1422 3497 pertinent
1458 3446 1506 3482 n.
1542 3431 1732 3494 9-44,
1780 3446 1915 3482 anno
1952 3436 2185 3497 postero:

234 3555 256 3579 η
267 3525 430 3578 Greek
474 3525 687 3592 Papyri,
757 3526 923 3579 Series
968 3527 1029 3578 ll.
1083 3527 1209 3578 New
1263 3527 1503 3578 classical
1542 3526 1832 3593 fragments
1887 3528 1999 3578 and
2048 3528 2193 3579 other

222 3621 374 3687 greek
423 3622 535 3673 and
582 3622 711 3674 latin
757 3623 984 3689 papyri'',
1038 3638 1254 3689 quarum
1310 3623 1717 3675 Ptolemaeorum
1771 3626 1924 3675 aetate
1977 3623 2186 3690 scriptae

230 3721 350 3770 sunt
385 3732 433 3770 n.
477 3718 682 3769 14—39.
721 3718 886 3785 (Pap.
924 3718 1263 3784 Grenf(ell)
1305 3721 1404 3771 let
1443 3720 1518 3784 ll.)

1966 3803 2004 3841 1.
