2612 4412
1115 396 1179 446 35

170 553 352 607 fuisse:
388 552 655 604 relationes
691 551 844 616 igitur
878 565 1008 615 quae
1044 548 1197 601 nobis
1230 551 1452 600 servatae
1486 552 1606 599 sunt
1641 548 1691 598 in
1724 549 1941 613 Papyrls
1963 548 2129 597 Petrie

169 665 200 702 a
232 651 696 716 κωμογραμματεῖ
723 647 877 698 factae
913 661 1017 697 non
1055 647 1196 707 sunt,
1233 644 1323 696 sed
1360 660 1389 694 a
1423 644 1702 695 comarcha.

236 744 338 799 Sed
373 744 727 807 relationibus,
763 742 829 794 de
863 741 1054 808 quibus
1090 741 1357 806 hucusque
1393 740 1616 805 egimuS,
1653 740 1717 790 de
1751 755 1992 805 agrorum
2029 738 2127 790 situ

169 844 219 894 et
250 840 444 893 finibus
478 839 778 901 tacentibuS,
813 838 990 889 alteras
1025 836 1300 903 quotannis
1329 836 1596 887 relationes
1618 852 1648 887 a
1671 838 2135 902 κωμογραμματεῒ

169 937 281 989 fieri
310 935 599 1003 oportebat,
634 934 825 1001 quibus
849 934 1098 999 cuiusque
1122 932 1313 999 praedii
1339 932 1464 984 situs
1487 935 1713 984 accurate
1735 931 2127 983 describebatur.

172 1033 358 1086 Earum
405 1030 680 1084 nonnullae
723 1032 987 1082 servantur
1033 1029 1084 1079 in
1131 1029 1261 1094 Pap.
1306 1029 1434 1079 Tebt.
1491 1029 1533 1091 1,
1587 1027 1799 1079 84—87.
1867 1027 2129 1093 Inscriptio

171 1129 365 1196 integra
398 1132 494 1180 est:
530 1126 717 1184 ’Έτους
753 1167 763 1177 .
802 1167 811 1176 .
850 1164 887 1186 .,
923 1125 1069 1192 παρὰ
1108 1167 1116 1176 .
1156 1166 1165 1175 .
1205 1166 1213 1175 .
1251 1125 1771 1190 κωμογραμματέως
1807 1166 1816 1174 .
1856 1165 1865 1174 .
1905 1165 1914 1174 .
1969 1125 2129 1175 εὐθυ-

170 1226 353 1294 μετρία
399 1225 507 1276 κατ’
564 1224 733 1290 ἄνδρα
779 1222 912 1274 κατὰ
956 1222 1237 1289 περίχωμα
1272 1226 1364 1273 τοῦ
1401 1221 1851 1288 ἀναγραφομένου
1886 1221 2005 1287 περὶ
2040 1220 2132 1287 τὴν

172 1323 368 1390 κώμην
419 1320 614 1378 παντὸς
665 1319 970 1386 ἒόάφουςὶ).
1031 1318 1242 1370 Praedia
1294 1318 1447 1384 igitur
1497 1318 1782 1383 conscripta
1833 1321 1952 1369 sunt
1998 1317 2131 1369 κατὰ

172 1418 452 1486 περίχωμα
488 1417 518 1468 i.
555 1432 596 1468 e.
632 1415 916 1468 secundum
953 1430 1164 1481 aggeres
1199 1418 1247 1466 et
1281 1414 1467 1478 fossas,
1515 1415 1706 1480 quibus
1743 1429 1896 1465 nemo
1934 1414 2134 1480 ignorat

173 1519 328 1568 totam
374 1515 661 1581 Aegyptum
709 1528 818 1564 esse
853 1512 1082 1564 divisam.
1132 1512 1384 1564 Indicatur
1418 1512 1482 1563 de
1516 1527 1725 1578 quoque
1761 1512 1969 1578 praedio
2005 1512 2134 1563 sitne

173 1609 414 1678 βασιλική
461 1625 526 1661 an
574 1609 686 1676 ἱερά
731 1624 797 1660 an
843 1608 1168 1675 κληρουχικὴ
1219 1613 1285 1675 γῆ
1297 1627 1315 1670 ,·
1362 1611 1522 1659 cetera
1567 1608 1646 1660 vel
1693 1616 2020 1674 exponuntur
2054 1609 2133 1660 vel

173 1710 576 1774 praetereuntur,
615 1709 670 1757 ut
702 1709 1166 1772 κωμογραμματεῖ
1193 1704 1416 1756 videtur:
1454 1704 1526 1756 sic
1549 1704 1815 1756 relationes
1834 1705 2078 1757 Arsinoes
2090 1707 2131 1770 2)

173 1803 479 1870 alteriusque
514 1803 662 1868 viciss)
701 1802 963 1854 uberiores
997 1804 1116 1852 sunt
1151 1816 1304 1866 quarn
1338 1800 1701 1852 Cerceosiridis
1727 1801 1821 1852 vici
1835 1803 1892 1866 4).
1929 1800 2133 1853 Εὐθυ-

174 1900 420 1967 μετρίαι
455 1899 790 1966 appellantur,
836 1913 962 1963 quas
1004 1899 1150 1949 etiam
1184 1913 1213 1948 a
1247 1903 1711 1963 κωμογραμματεῖ
1739 1898 1991 1950 confectas
2026 1914 2135 1950 esse

174 1999 381 2064 apparet
414 2011 476 2048 ex
512 1995 839 2062 inscriptione
861 1995 990 2060 Pap.
1024 1994 1151 2045 Tebt.
1179 1995 1220 2057 1,
1247 1995 1312 2044 84
1331 1995 1372 2059 5)
1400 1997 1447 2044 et
1469 1994 1742 2058 βασιλικοῦ
1781 1996 2136 2062 γραμματέως

175 2093 350 2145 officio
407 2107 490 2144 eas
542 2091 668 2143 tradi
715 2092 879 2143 solere
927 2091 1159 2142 Menchis
1205 2091 1439 2156 epistola,
1498 2091 1562 2142 ad
1618 2091 1878 2143 Herodem
1932 2092 2134 2144 fratrem

176 2189 314 2253 data,
350 2189 686 2252 demonstrat,
725 2188 776 2238 in
811 2203 913 2254 qua
948 2187 1014 2238 ita
1046 2186 1242 2239 scribit:

245 2285 497 2352 γείνωσκε
524 2283 831 2352 Ἀμμώνιον
865 2282 955 2334 τὸν
990 2284 1030 2349 [.
1070 2323 1079 2333 .
1118 2324 1127 2333 .
1166 2283 1207 2347 .]
1241 2283 1361 2348 παρ’
1402 2283 1559 2349 ἡμῶν
1596 2285 1675 2335 ὢν
1697 2284 1746 2348 (l.
1781 2285 1925 2349 ὄντα)
1953 2286 2007 2336 ἓν
2032 2291 2136 2343 τοῖς

170 2382 435 2449 Ἄμενέως
480 2383 600 2448 [τοῦ
647 2379 998 2448 βα(σιλικοῦ)]
1046 2379 1446 2446 γρζαμματέως)
1499 2380 1784 2447 γεγραφὼς
1821 2382 1871 2446 (l.
1919 2382 2133 2448 κφότα)

177 2479 304 2545 ἡμῖν
353 2478 472 2545 περὶ
523 2482 614 2530 τοῦ
666 2477 979 2544 συνέχεσθαι
1031 2476 1375 2542 [Ἆρω]τεῖον
1428 2475 1516 2527 τὸν
1568 2481 1658 2527 τοῦ
1712 2475 2137 2545 Πετεαρφρείους

177 2573 313 2642 [ὕπὸ
347 2574 467 2640 το]ῦ
502 2573 823 2642 βαίσιλικοῦ)
863 2572 1262 2640 γρίαμματέως)
1301 2573 1500 2639 χάριν
1538 2577 1645 2640 τῆς
1681 2573 2138 2641 εὖθυμετρίας

178 2676 289 2739 τῆς
323 2671 561 2738 κώμης
594 2670 769 2735 κτλ.6).

246 2769 455 2832 Quibus
501 2760 743 2835 expositis
783 2767 882 2819 iam
919 2766 1269 2833 quaerendum
1307 2770 1381 2819 est
1414 2766 1614 2818 cuinam
1654 2782 1833 2818 omnes
1869 2768 1980 2819 illae
2016 2769 2138 2820 rela-

178 2865 344 2920 tiones
378 2865 444 2917 de
476 2869 635 2917 terrae
669 2866 798 2916 statu
835 2863 1102 2930 redituque
1136 2863 1343 2915 traditae
1377 2863 1490 2916 sint.
1529 2864 1588 2915 Et
1616 2879 1926 2930 quamquam
1958 2879 2139 2917 omnes

179 2975 308 3028 quas
341 2960 590 3013 habemus
626 2959 954 3027 inscriptione
989 2963 1179 3024 carent,
1216 2975 1318 3026 qua
1352 2963 1487 3012 certo
1523 2960 1637 3011 sciri
1670 2960 1720 3011 id
1752 2961 1933 3027 possit,
1972 2966 2137 3013 tamen

181 3057 401 3112 dubitari
446 3057 623 3125 nequit
667 3055 1098 3124 quin‘ssaocstmq'i
1142 3061 1441 3124 γραμματεῖ
1481 3056 1746 3123 inscriptae
1787 3057 1998 3109 fuerint:
2059 3058 2140 3110 ille

238 3348 274 3402 1)
328 3349 436 3402 Pap.
472 3349 581 3390 Tebt.
615 3349 658 3399 l,
688 3350 751 3390 84.
832 3372 835 3374 -

237 3426 275 3479 2)
333 3427 436 3469 lbid.
467 3427 530 3468 86.

194 3548 197 3553 ,
238 3505 275 3557 3)
332 3505 436 3547 lbld.
466 3506 530 3547 87.

239 3582 276 3635 4)
334 3583 438 3625 ibid.
469 3584 519 3625 84
549 3584 588 3624 et
617 3584 680 3624 85.

239 3660 276 3713 5)
332 3660 466 3713 Supra
494 3662 574 3702 iam
604 3661 752 3702 adlata.

241 3738 279 3791 6)
334 3738 440 3791 Pap.
479 3739 588 3780 Tebt.
623 3738 660 3790 l,
696 3741 764 3788 12,
796 3742 820 3779 2
851 3751 940 3792 sqq.
