2612 4412
1384 407 1448 455 34

509 562 561 611 ln
611 560 813 627 papyris
859 575 964 612 non
1011 560 1195 612 desunt
1241 559 1427 612 indicia
1472 575 1532 610 ex
1574 558 1764 624 quibus
1799 557 1968 622 colligi
2004 561 2167 624 potest
2200 546 2392 624 praedii

439 671 783 721 possessorem
827 672 1032 709 omnem
1083 657 1192 708 eius
1238 660 1392 708 status
1444 655 1772 706 mutationem
1820 654 1982 705 statim
2036 653 2263 720 profiteri
2304 653 2394 705 de-

439 752 678 819 buissel).
727 753 872 814 Quas
924 753 1265 819 professiones
1309 753 1493 804 annuis
1539 751 1776 803 censibus
1822 749 2104 814 recognitas
2138 764 2248 801 esse
2282 765 2394 800 ver-

370 890 371 894 ,
438 849 619 900 isimile
665 852 761 911 est,
810 848 1100 915 praesertim
1147 864 1262 900 cum
1313 848 1363 899 in
1413 849 1643 913 Aegypto
1685 845 2003 911 vectigalium
2051 859 2200 896 causa
2233 859 2391 897 unus-

436 945 654 1011 quisque
706 944 978 1010 quotannis
1031 944 1257 1010 profiteri
1315 943 1522 994 deberet
1577 941 1703 1007 quid
1763 940 2044 1007 possideret
2068 941 2124 1004 2).
2199 939 2394 1007 Utique

435 1041 675 1093 novimus
710 1040 1182 1107 κωμογραμματέα
1219 1039 1492 1105 quotannis
1520 1038 1724 1089 tabellas
1749 1035 2098 1102 composuisse
2123 1035 2174 1086 in
2199 1035 2394 1101 quibus

433 1138 499 1189 de
526 1141 683 1189 terrae
713 1140 839 1189 statu
871 1137 943 1188 sic
977 1136 1222 1187 referebat
1250 1139 1305 1186 ut
1327 1135 1550 1186 diversas
1575 1134 1840 1184 relationes
1864 1132 2043 1182 faceret
2065 1130 2130 1182 de
2146 1131 2389 1200 βασιλικῇ

434 1239 500 1301 γῇ
536 1238 583 1286 et
616 1234 680 1285 de
728 1239 794 1301 γῇ
836 1234 890 1284 ἕν
926 1233 1132 1298 ἀφέσει,
1179 1234 1379 1298 saepius
1425 1231 1570 1282 etiam
1620 1231 1684 1281 de
1729 1229 2056 1296 κληρουχικῇ
2092 1231 2140 1279 et
2173 1227 2239 1279 de
2272 1228 2390 1296 ἱερᾷ

434 1336 514 1397 γῇ.
555 1331 731 1382 Plures
759 1333 925 1381 autem
963 1329 1227 1381 relationes
1252 1329 1303 1379 in
1330 1328 1548 1394 papyris
1581 1327 1819 1378 Tebtunis
1842 1330 1889 1377 et
1911 1325 2131 1391 Papyris
2153 1325 2392 1376 Flinders

430 1427 596 1477 Petrie
629 1426 777 1477 nobis
812 1429 1096 1477 servantur:
1133 1439 1350 1489 quarum
1381 1423 1508 1489 Pap.
1543 1424 1669 1474 Tebt.
1707 1424 1795 1484 62,
1822 1423 1909 1483 63,
1937 1422 2000 1472 65
2013 1421 2083 1486 3),
2126 1421 2210 1470 141
2231 1450 2273 1456 -
2293 1422 2388 1472 147

432 1524 646 1588 (praeter
683 1522 795 1586 142)
834 1521 1056 1571 referunt
1091 1520 1155 1570 de
1191 1524 1257 1586 γῇ
1294 1520 1348 1570 ἓν
1383 1519 1565 1585 ἀφέσει
1599 1519 1791 1584 κώμης
1827 1516 2205 1569 Cerceosiridis.

496 1619 730 1671 Tabellae
775 1621 894 1669 sunt
938 1618 1128 1683 quibus
1176 1616 1388 1668 nomina
1422 1631 1776 1682 possessorum
1814 1619 1861 1666 et
1895 1616 2037 1681 ἱερᾶς
2071 1618 2119 1665 et
2152 1613 2385 1680 κληρου-

427 1721 579 1782 χικῆς
616 1721 710 1782 γῆς
745 1715 1091 1776 continentur,
1133 1712 1308 1765 addito
1344 1715 1591 1778 quantum
1628 1711 1775 1763 fundi
1811 1711 2030 1776 quisque
2065 1710 2214 1772 colat,
2251 1725 2386 1776 quae

425 1799 599 1878 fruges
635 1812 886 1873 colantur,
924 1813 1171 1875 quantum
1208 1808 1355 1859 fundi
1391 1808 1486 1860 coli
1524 1823 1628 1860 non
1665 1809 1896 1874 potuerit.

490 1909 619 1974 Pap.
665 1907 793 1958 Tebt.
830 1907 1109 1970 67—704),
1152 1906 1403 1966 153—55,
1439 1904 1567 1969 Pap.
1592 1904 1760 1955 Petrie
1787 1905 1874 1966 111,
1912 1905 1998 1967 98,
2024 1904 2110 1965 99,
2142 1904 2256 1966 101,
2286 1903 2383 1954 102

425 2005 692 2056 relationes
733 2004 995 2055 continent
1034 2003 1099 2053 de
1139 2001 1382 2068 βασιλικῇ
1425 2006 1515 2068 γῇ,
1562 2001 1691 2066 Ραρ.
1747 2002 1876 2052 Tebt.
1930 2002 2015 2064 74,
2058 2002 2122 2052 75
2170 2000 2311 2066 (inde
2350 2015 2381 2052 a

423 2102 533 2153 Col.
574 2103 658 2167 IV)
708 2101 773 2152 de
808 2099 1051 2166 βασιλικῇ
1088 2104 1154 2165 γῇ
1190 2099 1245 2149 ἐν
1279 2097 1532 2164 ὑπολόγῳ
1556 2098 1624 2163 5);
1676 2098 1806 2163 Pap.
1847 2097 2015 2148 Petrie
2061 2098 2148 2161 111,
2201 2098 2267 2149 97
2313 2097 2381 2150 de

421 2200 537 2265 ἱερᾷ
577 2203 643 2264 γῇ
682 2197 803 2248 sola.

488 2296 596 2346 Has
647 2293 936 2354 relationes,
991 2295 1240 2357 quatenus
1290 2289 1354 2341 ad
1409 2291 1447 2340 ΙΙ
1500 2293 1614 2341 ante
1661 2290 1721 2341 C.
1768 2289 2023 2341 saeculum
2072 2289 2378 2356 pertineant,

418 2392 669 2443 confectas
703 2405 813 2442 esse
847 2404 877 2439 a
911 2391 1373 2454 κωμογραμματεῖ
1402 2402 1463 2438 ex
1499 2386 1968 2452 inscriptionibusss)
2005 2389 2223 2452 apparet.

485 2487 664 2554 Capite
706 2485 936 2551 sequenti
984 2484 1273 2536 videbimus
1310 2484 1371 2535 ΙΙΙ
1419 2486 1533 2534 ante
1569 2482 1628 2534 C.
1664 2483 1866 2534 saeculo
1902 2482 2168 2535 relationes
2202 2481 2312 2535 illas
2345 2497 2377 2534 a

417 2584 686 2637 comarcha
730 2583 881 2633 factas
929 2596 1061 2643 esse,
1110 2580 1320 2631 fortasse
1366 2582 1520 2631 totam
1567 2582 1726 2630 terrae
1771 2594 1942 2630 curam
1991 2578 2035 2630 ei
2084 2578 2374 2631 mandatam

468 2818 504 2870 1)
562 2818 629 2858 Cf.
660 2817 768 2868 Pap.
800 2815 952 2856 Hibelz.
986 2815 1023 2864 Ι,
1056 2816 1127 2862 75;
1159 2813 1266 2864 Pap.
1303 2813 1413 2854 Tebt.
1448 2813 1486 2862 Ι,
1517 2814 1590 2862 30,
1634 2814 1811 2861 15-20;
1843 2813 1917 2862 31,
1951 2815 2117 2853 15—21.
2150 2812 2217 2854 Cf.
2248 2825 2368 2864 prae·

411 2900 523 2937 terea
554 2895 759 2936 Herodoti
789 2895 927 2934 locum
957 2903 1084 2944 supra
1111 2892 1340 2933 laudatum.

466 2974 502 3025 2)
560 2974 722 3024 Lingua
753 2972 1003 3013 Germanica
1032 2970 1126 3011 illae
1156 2970 1436 3020 professiones
1460 2968 1721 3019 appellantur
1739 2967 2288 3018 „Obsektsdeklaratcbnen·';
2315 2968 2373 3009 de

411 3053 475 3092 his
505 3052 556 3092 cf.
587 3051 771 3091 Wilcken
804 3050 856 3090 G.
891 3048 943 3089 Ο.
974 3060 1014 3099 p.
1044 3049 1122 3089 456
1151 3059 1242 3099 sqq.

465 3130 499 3181 3)
558 3130 612 3169 N.
654 3130 726 3178 65,
769 3129 887 3168 cuius
926 3138 1022 3178 pars
1059 3128 1220 3167 tantum
1251 3127 1360 3177 typis
1389 3125 1585 3165 mandata
1614 3127 1695 3173 est,
1734 3124 1856 3164 docet
1883 3124 2100 3165 Menchem
2130 3135 2242 3165 anno
2270 3126 2370 3166 ante

410 3207 458 3247 C.
502 3209 574 3247 112
613 3207 764 3257 viginti
806 3207 893 3256 agri
936 3205 1081 3245 inculti
1121 3205 1253 3245 aruris
1282 3185 1483 3244 donatum
1523 3214 1633 3252 esse,
1674 3214 1759 3253 quo
1801 3202 1906 3242 inter
1934 3202 2149 3243 cleruchos
2176 3204 2370 3254 receptus

408 3288 473 3327 sit.
505 3286 572 3327 Cf.
603 3286 809 3326 editorum
839 3285 893 3325 ad
923 3284 1030 3325 hanc
1057 3295 1260 3334 papyrum
1290 3282 1601 3333 praefationem.

463 3363 497 3414 4)
557 3364 636 3404 His
682 3375 767 3404 non
807 3363 985 3404 addatur
1023 3374 1063 3402 n.
1102 3363 1153 3402 66
1192 3363 1237 3401 ut
1276 3361 1435 3401 faciunt
1474 3360 1653 3400 editores
1683 3360 1725 3399 in
1755 3359 1880 3399 huius
1908 3359 2053 3410 papyri
2083 3357 2361 3409 praefatione;

407 3454 502 3482 nam
543 3443 595 3482 de
644 3444 1030 3494 κωμογραμματεῒ
1064 3441 1105 3479 in
1146 3451 1195 3479 ea
1233 3449 1369 3479 sermo
1408 3441 1469 3479 est
1507 3437 1575 3489 (cf.
1606 3450 1670 3477 vv.
1706 3439 1775 3486 11,
1806 3438 1879 3486 56,
1910 3438 1983 3485 58,
2015 3436 2080 3487 79)
2110 3436 2222 3477 unde
2250 3435 2363 3477 hunc

407 3521 542 3569 ipsum
573 3520 769 3560 tabellam
799 3531 883 3559 non
914 3518 1141 3559 confecisse
1169 3519 1352 3568 apparet.
1385 3517 1580 3558 Conicias
1610 3527 1699 3556 eam
1729 3516 1923 3566 scriptam
1953 3527 2041 3557 esse
2070 3516 2112 3555 in
2126 3511 2365 3568 βασιλικοῦ

403 3594 694 3650 γραμματέως
725 3597 890 3646 officim
923 3597 975 3637 cf.
1007 3597 1114 3637 infra
1142 3608 1183 3647 p.
1213 3597 1265 3636 36
1294 3607 1355 3645 sq.

459 3674 494 3725 5)
554 3675 617 3715 De
647 3676 724 3715 hac
754 3675 804 3715 cf.
837 3687 961 3725 supra
990 3687 1030 3725 p.
1065 3676 1125 3714 12.

459 3752 493 3802 6)
552 3751 2177 3803 Pap.Tebt.1,63,1;67,1;68,1;69,1;70,1;74,1;75,15.

2562 631 2582 643 ,,,
2590 623 2612 651 ¹2⁷¹,-
