2612 4412
1131 353 1188 402 13

241 507 286 558 6.
356 507 722 573 κεχωρισμένη
776 506 1047 572 πρόσοδος
1105 506 1212 557 Sive
1266 512 1332 573 γῆ
1384 506 1438 556 ἒν
1489 505 1748 572 προσόδῳ
1800 506 1830 555 i.
1879 521 1919 555 e.
1975 508 2132 567 terra,

171 602 320 656 cuius
355 602 547 655 reditus
582 607 766 654 certam
803 604 873 654 ob
910 618 1111 654 causam
1148 617 1177 652 a
1213 602 1388 653 ceteris
1424 601 1673 653 reditibus
1707 604 2016 667 separantur.

239 699 461 767 Apparet
495 699 628 751 hanc
661 699 964 750 divisionem
997 699 1287 765 praesertim
1312 698 1489 749 factam
1517 713 1626 749 esse
1651 701 1705 748 ut
1727 696 1922 748 facilem
1950 697 2133 761 magis-

173 799 328 848 tratus
363 800 690 862 conspectum
727 795 970 846 haberent
1004 794 1275 861 βασιλικῆς
1312 800 1406 861 γῆς
1441 794 1653 859 eiusque
1689 793 1958 845 redituum.

239 889 496 958 Βασιλικὴ
552 896 618 958 γῆ
664 891 886 944 elocatur
931 891 1331 943 conductoribus
1378 891 1465 956 qui
1513 890 1830 957 appellantur
1875 889 2135 955 βασιλικοὶ

175 988 408 1055 γεωργοί
415 1006 426 1052 ;
480 988 569 1053 qui
629 991 714 1039 aut
775 992 895 1039 sunt
947 987 1298 1054 emphyteutae
1370 988 1442 1051 (οῖ
1491 986 1896 1052 μεμισθωμένοι
1950 986 2020 1042 εἰς
2077 984 2134 1035 τὸ

170 1084 447 1150 πατρικόν)
461 1085 531 1150 1),
568 1088 652 1135 aut
686 1084 750 1135 ad
787 1088 987 1150 tempus
1022 1087 1214 1134 tantum
1251 1099 1429 1148 agrurn
1468 1082 1776 1134 conducunt.

841 1285 887 1334 b.
961 1283 1040 1334 De
1077 1289 1144 1350 γῇ
1178 1284 1232 1334 ἒν
1269 1282 1464 1348 ἀφέσει.

239 1445 324 1514 Γῆ
370 1447 425 1498 ἓν
471 1446 654 1513 ἀφέσει
701 1446 863 1498 divisa
897 1450 970 1498 est
1006 1447 1056 1496 in
1095 1445 1239 1511 ἱερὰν
1276 1450 1399 1512 γῆν,
1441 1445 1802 1511 κληρουχικὴν
1838 1449 1960 1510 γῆν,
2009 1443 2134 1495 ι’ὂιό-

173 1562 363 1611 κτητον
400 1547 518 1610 γῆν,
554 1543 650 1594 alia
684 1558 883 1608 genera.

241 1696 290 1728 α.
362 1677 442 1729 De
477 1678 594 1744 ἱερᾷ
630 1682 711 1745 γῇ.

243 1789 345 1840 lam
391 1804 545 1855 supra
591 1804 651 1840 ex
699 1789 813 1840 loco
860 1789 972 1839 libri
1023 1788 1289 1840 Geneseos
1335 1788 1559 1838 vidimus
1604 1791 1759 1839 aetate
1808 1788 2132 1839 pharaonum

174 1889 370 1953 praeter
404 1885 544 1951 ipsos
579 1884 864 1936 sacerdotes
899 1885 1037 1936 solos
1073 1884 1316 1935 dominos
1351 1883 1508 1935 fuisse
1542 1884 1648 1949 agri
1685 1900 1837 1949 quem
1877 1885 2133 1948 colebant;

174 1986 396 2034 ceterum
432 1982 600 2034 solum
639 1981 934 2033 universum
972 1981 1105 2046 regis
1140 1981 1321 2043 fuisse,
1371 1982 1459 2046 qui
1497 1980 1700 2047 praedia
1735 1981 2135 2032 conductoribus

174 2078 372 2130 locaret.
427 2077 665 2130 Diodoro
700 2082 904 2129 auctore
917 2079 958 2143 2)
985 2077 1079 2129 soli
1106 2077 1341 2144 Aegyptii
1366 2078 1507 2128 tertia
1532 2092 1647 2143 pars
1672 2078 1991 2129 sacerdotum
2018 2083 2132 2129 erat.

175 2175 358 2241 Neque
403 2175 526 2227 haec
572 2190 651 2227 res
697 2190 726 2225 a
774 2174 1075 2226 Ptolemaeis
1123 2178 1308 2226 mutata
1344 2178 1441 2237 est,
1490 2176 1802 2240 quamquam
1841 2178 2134 2239 potestatem

173 2272 619 2338 auctoritatemque
660 2264 978 2323 sacerdotum
1028 2272 1384 2337 indigenarum
1435 2271 1739 2322 imminuere
1785 2286 1987 2337 semper
2032 2276 2135 2323 stu-

172 2367 374 2421 debant.

241 2462 480 2517 Ceterum
526 2462 809 2515 sacerdotes
855 2478 1065 2529 quoque
1111 2463 1205 2514 soli
1255 2464 1396 2528 quod
1445 2463 1775 2529 possidebant
1809 2464 1995 2515 tributa
2031 2466 2134 2529 regi

172 2560 372 2612 solvere
404 2551 683 2623 debebant,
719 2575 850 2625 quae
886 2560 954 2610 illi
992 2559 1215 2626 pendere
1250 2559 1482 2610 solebant
1506 2575 1566 2610 ex
1590 2560 1940 2624 vectigalibuS,
1979 2562 2135 2627 ἱεροῖς

175 2660 432 2724 γεωργοῖς
490 2656 848 2723 (conductores
899 2660 1018 2708 sunt
1069 2657 1212 2722 ἱερᾶς
1265 2657 1379 2723 γῆς)
1435 2657 1698 2722 impositis
1765 2658 2133 2724 praescriptum

173 2751 384 2819 quidem
431 2756 534 2804 erat
575 2738 635 2804 'ut
680 2752 965 2805 sacerdotes
1002 2753 1095 2819 ipsi
1144 2753 1472 2818 vectigalibus
1508 2754 1690 2805 exactis
1727 2758 1917 2820 partem
1955 2756 2136 2806 consti-

174 2851 330 2902 tutam
365 2849 471 2916 regi
508 2849 708 2913 darent,
744 2850 834 2901 sed
872 2850 1174 2916 plerumque
1211 2853 1465 2902 exactores
1497 2850 1619 2916 regii
1645 2851 1710 2902 ab
1741 2852 1898 2916 ἱεροῖς
1927 2867 2138 2918 quoque

178 2937 434 3013 γεώργοῒς
463 2946 723 3013 vectigalia
765 2947 1059 3012 exigebant;
1096 2947 1183 3012 qui
1221 2951 1359 3012 parte
1396 2947 1499 3012 regi
1533 2948 1702 2999 debita
1732 2951 1938 3011 retenta,
1978 2951 2138 3000 cetera

175 3043 522 3096 sacerdotibus
557 3043 832 3096 tradebant.

243 3198 292 3264 β.
365 3197 445 3250 De
480 3198 809 3268 κληρουχικῇ
846 3204 926 3268 γῇ.

165 3323 174 3329 ’
246 3309 347 3361 lam
386 3308 676 3362 pharaones
711 3309 1095 3363 centurionibus
1131 3311 1478 3377 militibusque
1509 3311 1615 3363 suis
1646 3311 1850 3378 praedia
1879 3315 2134 3378 tamquam

178 3404 400 3473 praemia
435 3405 637 3458 militiae
672 3406 791 3458 dare
826 3406 1056 3459 solebant
1068 3425 1079 3471 ;
1117 3422 1270 3473 quem
1309 3422 1504 3459 morem
1545 3407 1760 3474 Lagidae
1788 3407 1850 3459 ad
1879 3408 2138 3460 ministros

234 3622 270 3673 1)
326 3622 376 3663 Ρ.
413 3621 522 3664 γεω.
557 3624 595 3672 1,
626 3626 673 3673 5,
710 3626 767 3664 12.

234 3700 270 3753 2)
330 3701 367 3752 1,
399 3702 473 3751 73,
505 3703 542 3742 2.
