<?xml version="1.0" encoding="UTF-8"?>
<!DOCTYPE html PUBLIC "-//W3C//DTD XHTML 1.0 Transitional//EN"
    "http://www.w3.org/TR/xhtml1/DTD/xhtml1-transitional.dtd">
<html xmlns="http://www.w3.org/1999/xhtml" xml:lang="en" lang="en">
 <head>
  <title>
</title>
<meta http-equiv="Content-Type" content="text/html;charset=utf-8" />
  <meta name='ocr-system' content='tesseract 3.04.00' />
  <meta name='ocr-capabilities' content='ocr_page ocr_carea ocr_par ocr_line ocrx_word'/>
</head>
<body>
  <div class='ocr_page' id='page_1' title='image "./deaegyptiarumkmn00engeuoft_0099.png"; bbox 0 0 2612 4412; ppageno 0'>
   <div class='ocr_carea' id='block_1_1' title="bbox 1186 391 1250 441">
    <p class='ocr_par' dir='ltr' id='par_1_1' title="bbox 1186 391 1250 441">
     <span class='ocr_line' id='line_1_1' title="bbox 1186 391 1250 441; baseline 0 0"><span class='ocrx_word' id='word_1_1' title='bbox 1186 391 1250 441; x_wconf 88' lang='lat'><strong>89</strong></span> 
     </span>
    </p>
   </div>
   <div class='ocr_carea' id='block_1_2' title="bbox 184 544 2195 1377">
    <p class='ocr_par' dir='ltr' id='par_1_2' title="bbox 184 544 2195 1377">
     <span class='ocr_line' id='line_1_2' title="bbox 239 544 2193 612; baseline -0.001 -13"><span class='ocrx_word' id='word_1_2' title='bbox 239 560 295 599; x_wconf 87' lang='lat' dir='ltr'><strong>se</strong></span> <span class='ocrx_word' id='word_1_3' title='bbox 329 545 615 598; x_wconf 57' lang='lat' dir='ltr'><strong>restiturum</strong></span> <span class='ocrx_word' id='word_1_4' title='bbox 651 545 907 612; x_wconf 83' lang='lat' dir='ltr'><strong>promittit.</strong></span> <span class='ocrx_word' id='word_1_5' title='bbox 943 544 1182 598; x_wconf 90' lang='lat' dir='ltr'><strong>Creditor</strong></span> <span class='ocrx_word' id='word_1_6' title='bbox 1216 561 1340 597; x_wconf 89' lang='lat' dir='ltr'><strong>vero</strong></span> <span class='ocrx_word' id='word_1_7' title='bbox 1374 549 1574 611; x_wconf 86' lang='lat' dir='ltr'><strong>pactum</strong></span> <span class='ocrx_word' id='word_1_8' title='bbox 1611 561 1717 597; x_wconf 90' lang='lat' dir='ltr'><strong>non</strong></span> <span class='ocrx_word' id='word_1_9' title='bbox 1753 561 1934 598; x_wconf 88' lang='lat' dir='ltr'><strong>curans</strong></span> <span class='ocrx_word' id='word_1_10' title='bbox 1969 547 2021 597; x_wconf 91' lang='lat' dir='ltr'><strong>in</strong></span> <span class='ocrx_word' id='word_1_11' title='bbox 2051 547 2193 599; x_wconf 89' lang='lat' dir='ltr'><strong>debi-</strong></span> 
     </span>
     <span class='ocr_line' id='line_1_3' title="bbox 238 640 2191 708; baseline 0 -15"><span class='ocrx_word' id='word_1_12' title='bbox 238 645 426 705; x_wconf 82' lang='lat' dir='ltr'><strong>torem,</strong></span> <span class='ocrx_word' id='word_1_13' title='bbox 474 641 526 693; x_wconf 89' lang='lat' dir='ltr'><strong>in</strong></span> <span class='ocrx_word' id='word_1_14' title='bbox 570 657 696 707; x_wconf 86' lang='lat' dir='ltr'><strong>agro</strong></span> <span class='ocrx_word' id='word_1_15' title='bbox 741 640 1058 693; x_wconf 88' lang='lat' dir='ltr'><strong>conserendo</strong></span> <span class='ocrx_word' id='word_1_16' title='bbox 1103 645 1430 707; x_wconf 86' lang='lat' dir='ltr'><strong>occupatum,</strong></span> <span class='ocrx_word' id='word_1_17' title='bbox 1477 642 1679 707; x_wconf 89' lang='lat' dir='ltr'><strong>saepius</strong></span> <span class='ocrx_word' id='word_1_18' title='bbox 1725 642 1917 693; x_wconf 88' lang='lat' dir='ltr'><strong>invadit</strong></span> <span class='ocrx_word' id='word_1_19' title='bbox 1949 643 2095 708; x_wconf 82' lang='grc' dir='ltr'><em>παρὰ</em></span> <span class='ocrx_word' id='word_1_20' title='bbox 2131 643 2191 693; x_wconf 80' lang='grc' dir='ltr'><strong>τὰ</strong></span> 
     </span>
     <span class='ocr_line' id='line_1_4' title="bbox 236 735 2191 805; baseline 0 -17"><span class='ocrx_word' id='word_1_21' title='bbox 236 735 356 805; x_wconf 72' lang='grc' dir='ltr'><strong>περὶ</strong></span> <span class='ocrx_word' id='word_1_22' title='bbox 401 776 413 789; x_wconf 92' lang='grc'><strong>.</strong></span> <span class='ocrx_word' id='word_1_23' title='bbox 449 777 460 788; x_wconf 95' lang='grc'><strong>.</strong></span> <span class='ocrx_word' id='word_1_24' title='bbox 497 776 509 788; x_wconf 93' lang='grc'><strong>.</strong></span> <span class='ocrx_word' id='word_1_25' title='bbox 545 776 557 788; x_wconf 92' lang='grc'><strong>.</strong></span> <span class='ocrx_word' id='word_1_26' title='bbox 603 740 710 789; x_wconf 86' lang='grc' dir='ltr'><strong>τῶν</strong></span> <span class='ocrx_word' id='word_1_27' title='bbox 753 739 1010 803; x_wconf 82' lang='grc' dir='ltr'><em>γεωργῶν</em></span> <span class='ocrx_word' id='word_1_28' title='bbox 1045 736 1134 802; x_wconf 90' lang='lat' dir='ltr'><strong>(sc.</strong></span> <span class='ocrx_word' id='word_1_29' title='bbox 1168 736 1475 801; x_wconf 79' lang='grc' dir='ltr'>βασιλικῶν)</span> <span class='ocrx_word' id='word_1_30' title='bbox 1515 736 1641 802; x_wconf 81' lang='grc' dir='ltr'><strong><em>ὂ[ιὰ]</em></strong></span> <span class='ocrx_word' id='word_1_31' title='bbox 1680 735 1939 788; x_wconf 80' lang='grc' dir='ltr'><strong><em>πλειόνων</em></strong></span> <span class='ocrx_word' id='word_1_32' title='bbox 1972 756 2191 802; x_wconf 81' lang='grc' dir='ltr'><strong><em>προστε-</em></strong></span> 
     </span>
     <span class='ocr_line' id='line_1_5' title="bbox 235 831 2192 898; baseline 0 -15"><span class='ocrx_word' id='word_1_33' title='bbox 235 831 464 898; x_wconf 77' lang='grc' dir='ltr'><strong><em>ταγμένα</em></strong></span> <span class='ocrx_word' id='word_1_34' title='bbox 512 832 580 898; x_wconf 90' lang='grc' dir='ltr'><strong>(ν.</strong></span> <span class='ocrx_word' id='word_1_35' title='bbox 615 833 681 883; x_wconf 88' lang='grc'><strong>20</strong></span> <span class='ocrx_word' id='word_1_36' title='bbox 714 831 862 897; x_wconf 89' lang='lat' dir='ltr'><strong>sqq.).</strong></span> <span class='ocrx_word' id='word_1_37' title='bbox 921 831 1029 892; x_wconf 89' lang='lat' dir='ltr'><strong>Qui</strong></span> <span class='ocrx_word' id='word_1_38' title='bbox 1075 831 1219 883; x_wconf 90' lang='lat' dir='ltr'><strong>nisus</strong></span> <span class='ocrx_word' id='word_1_39' title='bbox 1264 831 1415 884; x_wconf 87' lang='lat' dir='ltr'><strong>iussis</strong></span> <span class='ocrx_word' id='word_1_40' title='bbox 1459 831 1523 882; x_wconf 89' lang='lat' dir='ltr'><strong>ad</strong></span> <span class='ocrx_word' id='word_1_41' title='bbox 1569 831 1872 897; x_wconf 82' lang='grc' dir='ltr'><strong><em>βασιλικοὺς</em></strong></span> <span class='ocrx_word' id='word_1_42' title='bbox 1919 833 2192 898; x_wconf 83' lang='grc' dir='ltr'><strong><em>γεωργούς</em></strong></span> 
     </span>
     <span class='ocr_line' id='line_1_6' title="bbox 184 927 2195 994; baseline -0 -14"><span class='ocrx_word' id='word_1_43' title='bbox 184 959 186 962; x_wconf 93' lang='grc'><strong>-</strong></span> <span class='ocrx_word' id='word_1_44' title='bbox 235 927 376 981; x_wconf 89' lang='lat' dir='ltr'><strong>solos</strong></span> <span class='ocrx_word' id='word_1_45' title='bbox 419 927 788 994; x_wconf 87' lang='lat' dir='ltr'><strong>pertinentibus</strong></span> <span class='ocrx_word' id='word_1_46' title='bbox 838 942 870 980; x_wconf 88' lang='lat' dir='ltr'><strong>a</strong></span> <span class='ocrx_word' id='word_1_47' title='bbox 914 930 1132 992; x_wconf 87' lang='lat' dir='ltr'><strong>stratego</strong></span> <span class='ocrx_word' id='word_1_48' title='bbox 1179 927 1323 994; x_wconf 86' lang='lat' dir='ltr'><strong>petit:</strong></span> <span class='ocrx_word' id='word_1_49' title='bbox 1382 927 1548 993; x_wconf 89' lang='lat' dir='ltr'><strong>primo</strong></span> <span class='ocrx_word' id='word_1_50' title='bbox 1608 931 1663 979; x_wconf 90' lang='lat' dir='ltr'><strong>ut</strong></span> <span class='ocrx_word' id='word_1_51' title='bbox 1719 927 1976 994; x_wconf 82' lang='lat' dir='ltr'><strong>epistatam</strong></span> <span class='ocrx_word' id='word_1_52' title='bbox 2026 928 2195 979; x_wconf 88' lang='lat' dir='ltr'><strong>iubeat</strong></span> 
     </span>
     <span class='ocr_line' id='line_1_7' title="bbox 234 1022 2192 1090; baseline -0.001 -14"><span class='ocrx_word' id='word_1_53' title='bbox 234 1022 534 1077; x_wconf 80' lang='lat' dir='ltr'><strong>creditorem</strong></span> <span class='ocrx_word' id='word_1_54' title='bbox 579 1023 853 1090; x_wconf 86' lang='lat' dir='ltr'><strong>prohibere</strong></span> <span class='ocrx_word' id='word_1_55' title='bbox 897 1024 1179 1090; x_wconf 87' lang='lat' dir='ltr'>quominus</span> <span class='ocrx_word' id='word_1_56' title='bbox 1223 1023 1321 1075; x_wconf 88' lang='lat' dir='ltr'>sibi</span> <span class='ocrx_word' id='word_1_57' title='bbox 1370 1024 1457 1089; x_wconf 79' lang='lat' dir='ltr'><strong>(sc.</strong></span> <span class='ocrx_word' id='word_1_58' title='bbox 1504 1023 1724 1089; x_wconf 89' lang='lat' dir='ltr'><strong>petitori)</strong></span> <span class='ocrx_word' id='word_1_59' title='bbox 1763 1023 2018 1076; x_wconf 86' lang='lat' dir='ltr'><strong>molestias</strong></span> <span class='ocrx_word' id='word_1_60' title='bbox 2054 1024 2192 1075; x_wconf 89' lang='lat' dir='ltr'><strong>exhi-</strong></span> 
     </span>
     <span class='ocr_line' id='line_1_8' title="bbox 234 1118 2191 1186; baseline -0.002 -13"><span class='ocrx_word' id='word_1_61' title='bbox 234 1118 370 1182; x_wconf 64' lang='lat' dir='ltr'><strong>bat,</strong></span> <span class='ocrx_word' id='word_1_62' title='bbox 415 1118 604 1172; x_wconf 88' lang='lat' dir='ltr'><strong>deinde</strong></span> <span class='ocrx_word' id='word_1_63' title='bbox 638 1124 694 1172; x_wconf 90' lang='lat' dir='ltr'><strong>ut</strong></span> <span class='ocrx_word' id='word_1_64' title='bbox 726 1122 842 1186; x_wconf 89' lang='lat' dir='ltr'><strong>post</strong></span> <span class='ocrx_word' id='word_1_65' title='bbox 876 1134 1094 1172; x_wconf 85' lang='lat' dir='ltr'><strong>messem</strong></span> <span class='ocrx_word' id='word_1_66' title='bbox 1129 1119 1340 1170; x_wconf 89' lang='lat' dir='ltr'><strong>demum</strong></span> <span class='ocrx_word' id='word_1_67' title='bbox 1376 1119 1555 1171; x_wconf 79' lang='lat' dir='ltr'><strong>tactam</strong></span> <span class='ocrx_word' id='word_1_68' title='bbox 1591 1118 1728 1170; x_wconf 86' lang='lat' dir='ltr'><strong>litem</strong></span> <span class='ocrx_word' id='word_1_69' title='bbox 1760 1118 1996 1171; x_wconf 88' lang='lat' dir='ltr'><strong>creditori</strong></span> <span class='ocrx_word' id='word_1_70' title='bbox 2029 1119 2191 1170; x_wconf 88' lang='lat' dir='ltr'><strong>inten-</strong></span> 
     </span>
     <span class='ocr_line' id='line_1_9' title="bbox 232 1213 2193 1280; baseline -0.001 -13"><span class='ocrx_word' id='word_1_71' title='bbox 232 1213 354 1267; x_wconf 88' lang='lat' dir='ltr'><strong>dere</strong></span> <span class='ocrx_word' id='word_1_72' title='bbox 397 1215 495 1268; x_wconf 91' lang='lat' dir='ltr'><strong>sibi</strong></span> <span class='ocrx_word' id='word_1_73' title='bbox 542 1215 696 1268; x_wconf 88' lang='lat' dir='ltr'><strong>liceat.</strong></span> <span class='ocrx_word' id='word_1_74' title='bbox 743 1213 1027 1272; x_wconf 83' lang='grc' dir='ltr'><strong><em>Βασιλικός</em></strong></span> <span class='ocrx_word' id='word_1_75' title='bbox 1073 1215 1227 1280; x_wconf 91' lang='lat' dir='ltr'><strong>igitur</strong></span> <span class='ocrx_word' id='word_1_76' title='bbox 1269 1213 1508 1280; x_wconf 84' lang='grc' dir='ltr'><em>γεωργός</em></span> <span class='ocrx_word' id='word_1_77' title='bbox 1540 1230 1570 1266; x_wconf 91' lang='lat' dir='ltr'><strong>a</strong></span> <span class='ocrx_word' id='word_1_78' title='bbox 1603 1217 1821 1280; x_wconf 84' lang='lat' dir='ltr'><strong>stratego</strong></span> <span class='ocrx_word' id='word_1_79' title='bbox 1857 1214 1979 1280; x_wconf 86' lang='lat' dir='ltr'><strong>petit</strong></span> <span class='ocrx_word' id='word_1_80' title='bbox 2012 1218 2067 1265; x_wconf 90' lang='lat' dir='ltr'><strong>ut</strong></span> <span class='ocrx_word' id='word_1_81' title='bbox 2100 1230 2193 1266; x_wconf 91' lang='lat' dir='ltr'><strong>sua</strong></span> 
     </span>
     <span class='ocr_line' id='line_1_10' title="bbox 233 1310 2191 1377; baseline 0 -16"><span class='ocrx_word' id='word_1_82' title='bbox 233 1310 343 1365; x_wconf 82' lang='lat' dir='ltr'><strong>iura</strong></span> <span class='ocrx_word' id='word_1_83' title='bbox 390 1314 559 1364; x_wconf 82' lang='lat' dir='ltr'><strong>tuetur</strong></span> <span class='ocrx_word' id='word_1_84' title='bbox 607 1326 703 1364; x_wconf 88' lang='lat' dir='ltr'><strong>nec</strong></span> <span class='ocrx_word' id='word_1_85' title='bbox 746 1315 876 1364; x_wconf 90' lang='lat' dir='ltr'><strong>recte</strong></span> <span class='ocrx_word' id='word_1_86' title='bbox 922 1311 1394 1376; x_wconf 88' lang='lat' dir='ltr'><strong>Taubenschlagius</strong></span> <span class='ocrx_word' id='word_1_87' title='bbox 1441 1326 1559 1363; x_wconf 90' lang='lat' dir='ltr'><strong>eum</strong></span> <span class='ocrx_word' id='word_1_88' title='bbox 1606 1310 1842 1377; x_wconf 83' lang='lat' dir='ltr'><strong>petivisse</strong></span> <span class='ocrx_word' id='word_1_89' title='bbox 1886 1314 2027 1377; x_wconf 88' lang='lat' dir='ltr'><strong>putat</strong></span> <span class='ocrx_word' id='word_1_90' title='bbox 2075 1327 2191 1365; x_wconf 79' lang='lat' dir='ltr'><strong>„um</strong></span> 
     </span>
    </p>
   </div>
   <div class='ocr_carea' id='block_1_3' title="bbox 140 1397 2191 1474">
    <p class='ocr_par' dir='ltr' id='par_1_3' title="bbox 140 1397 2191 1474">
     <span class='ocr_line' id='line_1_11' title="bbox 140 1397 2191 1474; baseline -0.001 -14"><span class='ocrx_word' id='word_1_91' title='bbox 140 1397 148 1402; x_wconf 63' lang='grc'><strong><em>’</em></strong></span> <span class='ocrx_word' id='word_1_92' title='bbox 190 1422 193 1427; x_wconf 76' lang='grc'><em>’</em></span> <span class='ocrx_word' id='word_1_93' title='bbox 231 1407 390 1460; x_wconf 70' lang='lat' dir='ltr'><strong>durch</strong></span> <span class='ocrx_word' id='word_1_94' title='bbox 432 1407 758 1474; x_wconf 57' lang='lat' dir='ltr'><strong>einstweiltge</strong></span> <span class='ocrx_word' id='word_1_95' title='bbox 805 1407 1101 1474; x_wconf 63' lang='lat' dir='ltr'><strong>Verfagung</strong></span> <span class='ocrx_word' id='word_1_96' title='bbox 1138 1408 1222 1458; x_wconf 80' lang='lat' dir='ltr'><strong>ins</strong></span> <span class='ocrx_word' id='word_1_97' title='bbox 1262 1407 1580 1459; x_wconf 80' lang='lat' dir='ltr'><strong>Privatreclzt</strong></span> <span class='ocrx_word' id='word_1_98' title='bbox 1616 1407 1985 1472; x_wconf 79' lang='lat' dir='ltr'><strong>einzagreifen&#39;’</strong></span> <span class='ocrx_word' id='word_1_99' title='bbox 2022 1407 2090 1472; x_wconf 87' lang='lat'><strong>1);</strong></span> <span class='ocrx_word' id='word_1_100' title='bbox 2139 1407 2191 1458; x_wconf 88' lang='lat' dir='ltr'><strong>id</strong></span> 
     </span>
    </p>
   </div>
   <div class='ocr_carea' id='block_1_4' title="bbox 225 1502 2192 2728">
    <p class='ocr_par' dir='ltr' id='par_1_4' title="bbox 230 1502 2192 1764">
     <span class='ocr_line' id='line_1_12' title="bbox 231 1502 2190 1570; baseline -0.001 -15"><span class='ocrx_word' id='word_1_101' title='bbox 231 1503 373 1570; x_wconf 90' lang='lat' dir='ltr'><strong>quod</strong></span> <span class='ocrx_word' id='word_1_102' title='bbox 418 1503 567 1556; x_wconf 88' lang='lat' dir='ltr'><strong>etiam</strong></span> <span class='ocrx_word' id='word_1_103' title='bbox 612 1503 936 1556; x_wconf 85' lang='lat' dir='ltr'><strong>manifestum</strong></span> <span class='ocrx_word' id='word_1_104' title='bbox 971 1503 1030 1555; x_wconf 86' lang='lat' dir='ltr'><strong>fit</strong></span> <span class='ocrx_word' id='word_1_105' title='bbox 1064 1519 1126 1555; x_wconf 87' lang='lat' dir='ltr'><strong>ex</strong></span> <span class='ocrx_word' id='word_1_106' title='bbox 1160 1503 1360 1569; x_wconf 88' lang='lat' dir='ltr'><strong>strategi</strong></span> <span class='ocrx_word' id='word_1_107' title='bbox 1396 1503 1795 1570; x_wconf 85' lang='lat' dir='ltr'><strong>subscriptione:</strong></span> <span class='ocrx_word' id='word_1_108' title='bbox 1846 1502 2023 1554; x_wconf 87' lang='grc' dir='ltr'><em>Βίαντι</em></span> <span class='ocrx_word' id='word_1_109' title='bbox 2060 1503 2111 1569; x_wconf 95' lang='lat' dir='ltr'><strong>(i.</strong></span> <span class='ocrx_word' id='word_1_110' title='bbox 2149 1519 2190 1555; x_wconf 90' lang='lat' dir='ltr'><strong>e.</strong></span> 
     </span>
     <span class='ocr_line' id='line_1_13' title="bbox 230 1598 2192 1667; baseline -0.001 -15"><span class='ocrx_word' id='word_1_111' title='bbox 230 1598 519 1666; x_wconf 76' lang='grc' dir='ltr'><strong><em>ἕπιστάιῃ)·</em></strong></span> <span class='ocrx_word' id='word_1_112' title='bbox 561 1600 660 1666; x_wconf 84' lang='grc' dir='ltr'><strong>ε[ἴ</strong></span> <span class='ocrx_word' id='word_1_113' title='bbox 691 1599 859 1666; x_wconf 59' lang='lat' dir='ltr'><strong>§olm</strong></span> <span class='ocrx_word' id='word_1_114' title='bbox 901 1599 1258 1665; x_wconf 83' lang='grc' dir='ltr'><strong><em>βασιλικὸς</em></strong></span> <span class='ocrx_word' id='word_1_115' title='bbox 1301 1599 1627 1666; x_wconf 80' lang='grc' dir='ltr'><em>γεωργὸς,</em></span> <span class='ocrx_word' id='word_1_116' title='bbox 1667 1599 2079 1667; x_wconf 73' lang='grc' dir='ltr'><strong><em>[πρ]ονοηθῆναι</em></strong></span> <span class='ocrx_word' id='word_1_117' title='bbox 2114 1599 2192 1656; x_wconf 85' lang='grc' dir='ltr'><strong>ὡς</strong></span> 
     </span>
     <span class='ocr_line' id='line_1_14' title="bbox 230 1693 2189 1764; baseline 0 -17"><span class='ocrx_word' id='word_1_118' title='bbox 230 1693 659 1763; x_wconf 79' lang='grc' dir='ltr'><strong><em>ἀπερίσπ[αστο]ς</em></strong></span> <span class='ocrx_word' id='word_1_119' title='bbox 685 1697 1134 1764; x_wconf 76' lang='grc' dir='ltr'><strong><em>κατασταθήσεται</em></strong></span> <span class='ocrx_word' id='word_1_120' title='bbox 1158 1698 1315 1764; x_wconf 83' lang='grc' dir='ltr'><strong><em>μέχρι</em></strong></span> <span class='ocrx_word' id='word_1_121' title='bbox 1348 1698 1432 1763; x_wconf 85' lang='grc' dir='ltr'><strong>[ἂν</strong></span> <span class='ocrx_word' id='word_1_122' title='bbox 1458 1696 1584 1762; x_wconf 83' lang='grc' dir='ltr'>ἀπὸ]</span> <span class='ocrx_word' id='word_1_123' title='bbox 1615 1701 1707 1749; x_wconf 85' lang='grc' dir='ltr'><strong>τοῦ</strong></span> <span class='ocrx_word' id='word_1_124' title='bbox 1734 1697 1940 1763; x_wconf 83' lang='grc' dir='ltr'><strong><em>σπόρου</em></strong></span> <span class='ocrx_word' id='word_1_125' title='bbox 1969 1697 2189 1763; x_wconf 84' lang='grc' dir='ltr'><strong><em>γένηται.</em></strong></span> 
     </span>
    </p>

    <p class='ocr_par' dir='ltr' id='par_1_5' title="bbox 225 1793 2190 2728">
     <span class='ocr_line' id='line_1_15' title="bbox 299 1793 2190 1860; baseline -0.001 -15"><span class='ocrx_word' id='word_1_126' title='bbox 299 1793 371 1846; x_wconf 88' lang='lat' dir='ltr'><strong>Ut</strong></span> <span class='ocrx_word' id='word_1_127' title='bbox 412 1795 926 1860; x_wconf 79' lang='grc' dir='ltr'><strong><em>κωμογραμματεῖ2)</em></strong></span> <span class='ocrx_word' id='word_1_128' title='bbox 974 1797 1022 1845; x_wconf 90' lang='lat' dir='ltr'><strong>et</strong></span> <span class='ocrx_word' id='word_1_129' title='bbox 1064 1793 1481 1860; x_wconf 90' lang='lat' dir='ltr'><strong>archiphylacitae</strong></span> <span class='ocrx_word' id='word_1_130' title='bbox 1497 1794 1539 1859; x_wconf 86' lang='grc'><strong>3)</strong></span> <span class='ocrx_word' id='word_1_131' title='bbox 1588 1794 1654 1845; x_wconf 89' lang='lat' dir='ltr'><strong>ita</strong></span> <span class='ocrx_word' id='word_1_132' title='bbox 1699 1793 1932 1859; x_wconf 89' lang='lat' dir='ltr'><strong>epistatae</strong></span> <span class='ocrx_word' id='word_1_133' title='bbox 1980 1808 2190 1859; x_wconf 87' lang='lat' dir='ltr'><strong>quoque</strong></span> 
     </span>
     <span class='ocr_line' id='line_1_16' title="bbox 231 1887 2188 1957; baseline 0 -17"><span class='ocrx_word' id='word_1_134' title='bbox 231 1887 272 1940; x_wconf 86' lang='lat'><strong>11</strong></span> <span class='ocrx_word' id='word_1_135' title='bbox 313 1891 463 1941; x_wconf 84' lang='lat' dir='ltr'><strong>ante</strong></span> <span class='ocrx_word' id='word_1_136' title='bbox 496 1888 558 1943; x_wconf 92' lang='lat' dir='ltr'><strong>C.</strong></span> <span class='ocrx_word' id='word_1_137' title='bbox 592 1890 859 1943; x_wconf 87' lang='lat' dir='ltr'><strong>saeculo</strong></span> <span class='ocrx_word' id='word_1_138' title='bbox 885 1890 1039 1943; x_wconf 90' lang='lat' dir='ltr'><strong>libelli</strong></span> <span class='ocrx_word' id='word_1_139' title='bbox 1065 1889 1173 1942; x_wconf 92' lang='lat' dir='ltr'><strong>dari</strong></span> <span class='ocrx_word' id='word_1_140' title='bbox 1197 1894 1436 1957; x_wconf 87' lang='lat' dir='ltr'><strong>possunt,</strong></span> <span class='ocrx_word' id='word_1_141' title='bbox 1463 1890 1846 1957; x_wconf 83' lang='grc' dir='ltr'><strong><em>ὑπομνήματος</em></strong></span> <span class='ocrx_word' id='word_1_142' title='bbox 1868 1891 2035 1942; x_wconf 86' lang='lat' dir='ltr'><strong>forma</strong></span> <span class='ocrx_word' id='word_1_143' title='bbox 2068 1905 2188 1942; x_wconf 89' lang='lat' dir='ltr'><strong>con-</strong></span> 
     </span>
     <span class='ocr_line' id='line_1_17' title="bbox 227 1984 2187 2052; baseline 0 -15"><span class='ocrx_word' id='word_1_144' title='bbox 227 1984 381 2052; x_wconf 85' lang='lat' dir='ltr'><strong>oepti,</strong></span> <span class='ocrx_word' id='word_1_145' title='bbox 427 1985 619 2051; x_wconf 90' lang='lat' dir='ltr'><strong>quibus</strong></span> <span class='ocrx_word' id='word_1_146' title='bbox 664 1988 847 2052; x_wconf 79' lang='lat' dir='ltr'><strong>petltor</strong></span> <span class='ocrx_word' id='word_1_147' title='bbox 891 1986 1236 2052; x_wconf 89' lang='lat' dir='ltr'><strong>magistratum</strong></span> <span class='ocrx_word' id='word_1_148' title='bbox 1285 1990 1429 2050; x_wconf 81' lang='lat' dir='ltr'><strong>rogat</strong></span> <span class='ocrx_word' id='word_1_149' title='bbox 1476 1989 1530 2037; x_wconf 92' lang='lat' dir='ltr'><strong>ut</strong></span> <span class='ocrx_word' id='word_1_150' title='bbox 1574 2002 1682 2038; x_wconf 91' lang='lat' dir='ltr'><strong>rem</strong></span> <span class='ocrx_word' id='word_1_151' title='bbox 1718 2001 1862 2038; x_wconf 87' lang='lat' dir='ltr'><strong>suam</strong></span> <span class='ocrx_word' id='word_1_152' title='bbox 1899 1986 2090 2038; x_wconf 87' lang='lat' dir='ltr'><strong>deferat</strong></span> <span class='ocrx_word' id='word_1_153' title='bbox 2123 1986 2187 2037; x_wconf 92' lang='lat' dir='ltr'><strong>ad</strong></span> 
     </span>
     <span class='ocr_line' id='line_1_18' title="bbox 229 2080 2187 2150; baseline 0.001 -18"><span class='ocrx_word' id='word_1_154' title='bbox 229 2080 420 2134; x_wconf 90' lang='lat' dir='ltr'><strong>iudices</strong></span> <span class='ocrx_word' id='word_1_155' title='bbox 466 2081 544 2140; x_wconf 86' lang='grc' dir='ltr'><strong>οἷς</strong></span> <span class='ocrx_word' id='word_1_156' title='bbox 588 2083 831 2150; x_wconf 75' lang='grc' dir='ltr'><strong><em>καθήκει.</em></strong></span> <span class='ocrx_word' id='word_1_157' title='bbox 880 2083 1016 2135; x_wconf 90' lang='lat' dir='ltr'><strong>Talis</strong></span> <span class='ocrx_word' id='word_1_158' title='bbox 1058 2083 1259 2134; x_wconf 89' lang='lat' dir='ltr'><strong>libellus</strong></span> <span class='ocrx_word' id='word_1_159' title='bbox 1301 2098 1411 2135; x_wconf 89' lang='lat' dir='ltr'><strong>esse</strong></span> <span class='ocrx_word' id='word_1_160' title='bbox 1446 2082 1645 2135; x_wconf 84' lang='lat' dir='ltr'><strong>videtur</strong></span> <span class='ocrx_word' id='word_1_161' title='bbox 1677 2083 1808 2149; x_wconf 83' lang='lat' dir='ltr'><strong>Pap.</strong></span> <span class='ocrx_word' id='word_1_162' title='bbox 1851 2084 1980 2135; x_wconf 77' lang='lat' dir='ltr'><strong>Tebt.</strong></span> <span class='ocrx_word' id='word_1_163' title='bbox 2020 2085 2063 2147; x_wconf 91' lang='lat'><strong>1,</strong></span> <span class='ocrx_word' id='word_1_164' title='bbox 2101 2085 2187 2146; x_wconf 85' lang='lat'><strong>52,</strong></span> 
     </span>
     <span class='ocr_line' id='line_1_19' title="bbox 227 2176 2187 2246; baseline 0 -15"><span class='ocrx_word' id='word_1_165' title='bbox 227 2176 374 2231; x_wconf 80' lang='lat' dir='ltr'><strong>cuius</strong></span> <span class='ocrx_word' id='word_1_166' title='bbox 416 2180 640 2231; x_wconf 86' lang='lat' dir='ltr'><strong>extrema</strong></span> <span class='ocrx_word' id='word_1_167' title='bbox 672 2194 788 2245; x_wconf 89' lang='lat' dir='ltr'><strong>pars</strong></span> <span class='ocrx_word' id='word_1_168' title='bbox 823 2179 982 2246; x_wconf 90' lang='lat' dir='ltr'><strong>periit.</strong></span> <span class='ocrx_word' id='word_1_169' title='bbox 1031 2179 1292 2231; x_wconf 86' lang='lat' dir='ltr'><strong>Praeterea</strong></span> <span class='ocrx_word' id='word_1_170' title='bbox 1325 2179 1676 2245; x_wconf 82' lang='lat' dir='ltr'><strong>Apollodorus</strong></span> <span class='ocrx_word' id='word_1_171' title='bbox 1711 2179 1818 2243; x_wconf 86' lang='lat' dir='ltr'><strong>ille,</strong></span> <span class='ocrx_word' id='word_1_172' title='bbox 1866 2180 1964 2232; x_wconf 87' lang='lat' dir='ltr'><strong>olei</strong></span> <span class='ocrx_word' id='word_1_173' title='bbox 2005 2195 2187 2232; x_wconf 90' lang='lat' dir='ltr'><strong>mono-</strong></span> 
     </span>
     <span class='ocr_line' id='line_1_20' title="bbox 226 2273 2185 2341; baseline 0.002 -16"><span class='ocrx_word' id='word_1_174' title='bbox 226 2273 351 2341; x_wconf 89' lang='lat' dir='ltr'><strong>polii</strong></span> <span class='ocrx_word' id='word_1_175' title='bbox 393 2275 676 2328; x_wconf 88' lang='lat' dir='ltr'><strong>conductor</strong></span> <span class='ocrx_word' id='word_1_176' title='bbox 720 2274 1095 2339; x_wconf 89' lang='lat' dir='ltr'><strong>Cerceosiride,</strong></span> <span class='ocrx_word' id='word_1_177' title='bbox 1149 2276 1201 2327; x_wconf 91' lang='lat' dir='ltr'><strong>in</strong></span> <span class='ocrx_word' id='word_1_178' title='bbox 1249 2275 1421 2328; x_wconf 87' lang='lat' dir='ltr'><strong>libello</strong></span> <span class='ocrx_word' id='word_1_179' title='bbox 1469 2276 1674 2329; x_wconf 87' lang='lat' dir='ltr'><strong>Menchi</strong></span> <span class='ocrx_word' id='word_1_180' title='bbox 1710 2276 1854 2340; x_wconf 90' lang='lat' dir='ltr'><strong>dato,</strong></span> <span class='ocrx_word' id='word_1_181' title='bbox 1907 2280 2052 2328; x_wconf 88' lang='lat' dir='ltr'><strong>antea</strong></span> <span class='ocrx_word' id='word_1_182' title='bbox 2085 2277 2185 2328; x_wconf 89' lang='lat' dir='ltr'><strong>iam</strong></span> 
     </span>
     <span class='ocr_line' id='line_1_21' title="bbox 229 2369 2186 2440; baseline 0.001 -18"><span class='ocrx_word' id='word_1_183' title='bbox 229 2369 562 2424; x_wconf 86' lang='lat' dir='ltr'><strong>Polemonem</strong></span> <span class='ocrx_word' id='word_1_184' title='bbox 592 2371 850 2438; x_wconf 81' lang='lat' dir='ltr'><strong>epistatam</strong></span> <span class='ocrx_word' id='word_1_185' title='bbox 876 2372 1048 2424; x_wconf 90' lang='lat' dir='ltr'><strong>libello</strong></span> <span class='ocrx_word' id='word_1_186' title='bbox 1071 2371 1256 2424; x_wconf 84' lang='lat' dir='ltr'><strong>adiisse</strong></span> <span class='ocrx_word' id='word_1_187' title='bbox 1280 2387 1334 2425; x_wconf 87' lang='lat' dir='ltr'><strong>se</strong></span> <span class='ocrx_word' id='word_1_188' title='bbox 1357 2372 1501 2424; x_wconf 90' lang='lat' dir='ltr'><strong>dicit:</strong></span> <span class='ocrx_word' id='word_1_189' title='bbox 1526 2372 1791 2440; x_wconf 82' lang='grc' dir='ltr'><strong><em>τυγχάνωι</em></strong></span> <span class='ocrx_word' id='word_1_190' title='bbox 1814 2372 1904 2424; x_wconf 86' lang='grc' dir='ltr'><strong>καὶ</strong></span> <span class='ocrx_word' id='word_1_191' title='bbox 1926 2372 2186 2439; x_wconf 83' lang='grc' dir='ltr'><strong><em>πρότερον</em></strong></span> 
     </span>
     <span class='ocr_line' id='line_1_22' title="bbox 227 2465 2185 2536; baseline 0.001 -16"><span class='ocrx_word' id='word_1_192' title='bbox 227 2465 573 2526; x_wconf 75' lang='grc' dir='ltr'><strong><em>ἐπιδεδωκὼς</em></strong></span> <span class='ocrx_word' id='word_1_193' title='bbox 608 2466 895 2535; x_wconf 82' lang='grc' dir='ltr'><strong><em>Πολέμωνι</em></strong></span> <span class='ocrx_word' id='word_1_194' title='bbox 939 2473 1034 2522; x_wconf 81' lang='grc' dir='ltr'><strong>τῶι</strong></span> <span class='ocrx_word' id='word_1_195' title='bbox 1078 2474 1169 2536; x_wconf 87' lang='grc' dir='ltr'><strong>τῆς</strong></span> <span class='ocrx_word' id='word_1_196' title='bbox 1213 2470 1408 2536; x_wconf 84' lang='grc' dir='ltr'><em>κώμης</em></span> <span class='ocrx_word' id='word_1_197' title='bbox 1443 2470 1693 2522; x_wconf 83' lang='grc' dir='ltr'><strong><em>ε’πιστάτει</em></strong></span> <span class='ocrx_word' id='word_1_198' title='bbox 1730 2470 1851 2536; x_wconf 81' lang='grc' dir='ltr'><em>περὶ</em></span> <span class='ocrx_word' id='word_1_199' title='bbox 1889 2474 1980 2522; x_wconf 83' lang='grc' dir='ltr'><strong>τοῦ</strong></span> <span class='ocrx_word' id='word_1_200' title='bbox 2018 2489 2185 2536; x_wconf 83' lang='grc' dir='ltr'><strong><em>προσ-</em></strong></span> 
     </span>
     <span class='ocr_line' id='line_1_23' title="bbox 226 2562 2185 2634; baseline 0.001 -19"><span class='ocrx_word' id='word_1_201' title='bbox 226 2562 478 2622; x_wconf 81' lang='grc' dir='ltr'><strong><em>πεσόντος</em></strong></span> <span class='ocrx_word' id='word_1_202' title='bbox 530 2583 623 2631; x_wconf 78' lang='grc' dir='ltr'><strong><em>,ιιοι</em></strong></span> <span class='ocrx_word' id='word_1_203' title='bbox 685 2570 766 2633; x_wconf 84' lang='grc' dir='ltr'><strong>τῆι</strong></span> <span class='ocrx_word' id='word_1_204' title='bbox 824 2566 892 2627; x_wconf 85' lang='grc' dir='ltr'><strong>κζ</strong></span> <span class='ocrx_word' id='word_1_205' title='bbox 943 2570 1035 2618; x_wconf 84' lang='grc' dir='ltr'><strong>τοῦ</strong></span> <span class='ocrx_word' id='word_1_206' title='bbox 1095 2565 1293 2633; x_wconf 82' lang='grc' dir='ltr'><strong><em>Φαῶφι</em></strong></span> <span class='ocrx_word' id='word_1_207' title='bbox 1358 2564 1485 2618; x_wconf 82' lang='grc' dir='ltr'><strong><em>εἶναι</em></strong></span> <span class='ocrx_word' id='word_1_208' title='bbox 1543 2566 1598 2618; x_wconf 80' lang='grc' dir='ltr'><strong>ἓν</strong></span> <span class='ocrx_word' id='word_1_209' title='bbox 1655 2571 1734 2634; x_wconf 83' lang='grc' dir='ltr'><strong>τῆι</strong></span> <span class='ocrx_word' id='word_1_210' title='bbox 1789 2565 2031 2624; x_wconf 88' lang='grc' dir='ltr'><strong><em>Σισόιτος</em></strong></span> <span class='ocrx_word' id='word_1_211' title='bbox 2092 2571 2185 2618; x_wconf 86' lang='grc' dir='ltr'><strong>τοῦ</strong></span> 
     </span>
     <span class='ocr_line' id='line_1_24' title="bbox 225 2657 1509 2728; baseline 0.002 -17"><span class='ocrx_word' id='word_1_212' title='bbox 225 2657 593 2728; x_wconf 82' lang='grc' dir='ltr'><strong><em>Σεναπύγχιος</em></strong></span> <span class='ocrx_word' id='word_1_213' title='bbox 627 2661 783 2713; x_wconf 78' lang='grc' dir='ltr'><strong><em>οἰκίαι</em></strong></span> <span class='ocrx_word' id='word_1_214' title='bbox 819 2702 830 2713; x_wconf 91' lang='grc'><strong>.</strong></span> <span class='ocrx_word' id='word_1_215' title='bbox 869 2703 879 2713; x_wconf 91' lang='grc'><strong>.</strong></span> <span class='ocrx_word' id='word_1_216' title='bbox 917 2703 927 2713; x_wconf 93' lang='grc'>.</span> <span class='ocrx_word' id='word_1_217' title='bbox 964 2662 1173 2714; x_wconf 83' lang='grc' dir='ltr'><strong><em>ἒλαικὸν</em></strong></span> <span class='ocrx_word' id='word_1_218' title='bbox 1207 2663 1439 2728; x_wconf 77' lang='grc' dir='ltr'><strong><em>ἐπίτιμον</em></strong></span> <span class='ocrx_word' id='word_1_219' title='bbox 1450 2663 1509 2728; x_wconf 83' lang='lat'><strong>4).</strong></span> 
     </span>
    </p>
   </div>
   <div class='ocr_carea' id='block_1_5' title="bbox 741 2848 1663 2914">
    <p class='ocr_par' dir='ltr' id='par_1_6' title="bbox 741 2848 1663 2914">
     <span class='ocr_line' id='line_1_25' title="bbox 741 2848 1663 2914; baseline 0.002 -16"><span class='ocrx_word' id='word_1_220' title='bbox 741 2848 787 2898; x_wconf 91' lang='lat'><strong>2.</strong></span> <span class='ocrx_word' id='word_1_221' title='bbox 856 2848 942 2900; x_wconf 85' lang='lat' dir='ltr'><strong>De</strong></span> <span class='ocrx_word' id='word_1_222' title='bbox 971 2848 1191 2914; x_wconf 66' lang='lat' dir='ltr'><strong>epis-tata</strong></span> <span class='ocrx_word' id='word_1_223' title='bbox 1218 2848 1367 2914; x_wconf 83' lang='lat' dir='ltr'><strong>pacis</strong></span> <span class='ocrx_word' id='word_1_224' title='bbox 1398 2848 1591 2900; x_wconf 83' lang='lat' dir='ltr'><strong>arbitro</strong></span> <span class='ocrx_word' id='word_1_225' title='bbox 1601 2848 1663 2914; x_wconf 81' lang='lat'><strong>5).</strong></span> 
     </span>
    </p>
   </div>
   <div class='ocr_carea' id='block_1_6' title="bbox 291 3001 2183 3070">
    <p class='ocr_par' dir='ltr' id='par_1_7' title="bbox 291 3001 2183 3070">
     <span class='ocr_line' id='line_1_26' title="bbox 291 3001 2183 3070; baseline 0.002 -16"><span class='ocrx_word' id='word_1_226' title='bbox 291 3001 349 3054; x_wconf 82' lang='lat' dir='ltr'><strong>ln</strong></span> <span class='ocrx_word' id='word_1_227' title='bbox 383 3002 541 3070; x_wconf 83' lang='lat' dir='ltr'><strong>capite</strong></span> <span class='ocrx_word' id='word_1_228' title='bbox 574 3002 716 3070; x_wconf 90' lang='lat' dir='ltr'><strong>quod</strong></span> <span class='ocrx_word' id='word_1_229' title='bbox 750 3002 853 3069; x_wconf 88' lang='lat' dir='ltr'><strong>agit</strong></span> <span class='ocrx_word' id='word_1_230' title='bbox 886 3002 951 3055; x_wconf 90' lang='lat' dir='ltr'><strong>de</strong></span> <span class='ocrx_word' id='word_1_231' title='bbox 985 3008 1468 3070; x_wconf 83' lang='grc' dir='ltr'><strong><em>κωμογραμματεῒ,</em></strong></span> <span class='ocrx_word' id='word_1_232' title='bbox 1504 3019 1634 3070; x_wconf 90' lang='lat' dir='ltr'><strong>quae</strong></span> <span class='ocrx_word' id='word_1_233' title='bbox 1665 3005 1727 3056; x_wconf 93' lang='lat'><strong>111</strong></span> <span class='ocrx_word' id='word_1_234' title='bbox 1757 3008 1871 3057; x_wconf 86' lang='lat' dir='ltr'><strong>ante</strong></span> <span class='ocrx_word' id='word_1_235' title='bbox 1896 3005 1955 3058; x_wconf 90' lang='lat' dir='ltr'><strong>C.</strong></span> <span class='ocrx_word' id='word_1_236' title='bbox 1981 3006 2183 3058; x_wconf 88' lang='lat' dir='ltr'><strong>saeculo</strong></span> 
     </span>
    </p>
   </div>
   <div class='ocr_carea' id='block_1_7' title="bbox 225 3122 494 3135">
    <p class='ocr_par' dir='ltr' id='par_1_8' title="bbox 225 3122 494 3135">
     <span class='ocr_line' id='line_1_27' title="bbox 225 3122 494 3135; baseline 0 0"><span class='ocrx_word' id='word_1_237' title='bbox 225 3122 494 3135; x_wconf 95' lang='lat' dir='ltr'><strong> </strong></span> 
     </span>
    </p>
   </div>
   <div class='ocr_carea' id='block_1_8' title="bbox 222 3181 2179 3785">
    <p class='ocr_par' dir='ltr' id='par_1_9' title="bbox 226 3181 775 3234">
     <span class='ocr_line' id='line_1_28' title="bbox 226 3181 775 3234; baseline 0 -11"><span class='ocrx_word' id='word_1_238' title='bbox 226 3229 228 3232; x_wconf 23' lang='lat'>¹</span> <span class='ocrx_word' id='word_1_239' title='bbox 278 3181 317 3234; x_wconf 89' lang='lat'><strong>1)</strong></span> <span class='ocrx_word' id='word_1_240' title='bbox 369 3181 526 3224; x_wconf 73' lang='lat' dir='ltr'><strong>Archiv</strong></span> <span class='ocrx_word' id='word_1_241' title='bbox 554 3182 608 3224; x_wconf 93' lang='lat' dir='ltr'><strong>1v</strong></span> <span class='ocrx_word' id='word_1_242' title='bbox 636 3194 678 3234; x_wconf 86' lang='lat' dir='ltr'><strong>p.</strong></span> <span class='ocrx_word' id='word_1_243' title='bbox 709 3184 775 3225; x_wconf 89' lang='grc'><strong>23.</strong></span> 
     </span>
    </p>

    <p class='ocr_par' dir='ltr' id='par_1_10' title="bbox 278 3259 869 3313">
     <span class='ocr_line' id='line_1_29' title="bbox 278 3259 869 3313; baseline 0 -11"><span class='ocrx_word' id='word_1_244' title='bbox 278 3259 316 3312; x_wconf 79' lang='lat'><strong>2)</strong></span> <span class='ocrx_word' id='word_1_245' title='bbox 371 3259 439 3302; x_wconf 83' lang='lat' dir='ltr'><strong>cf.</strong></span> <span class='ocrx_word' id='word_1_246' title='bbox 470 3271 596 3312; x_wconf 88' lang='lat' dir='ltr'><strong>supra</strong></span> <span class='ocrx_word' id='word_1_247' title='bbox 623 3272 666 3312; x_wconf 88' lang='lat' dir='ltr'><strong>p.</strong></span> <span class='ocrx_word' id='word_1_248' title='bbox 695 3262 748 3303; x_wconf 90' lang='lat'><strong>52</strong></span> <span class='ocrx_word' id='word_1_249' title='bbox 775 3272 869 3313; x_wconf 90' lang='lat' dir='ltr'><strong>sqq.</strong></span> 
     </span>
    </p>

    <p class='ocr_par' dir='ltr' id='par_1_11' title="bbox 278 3337 761 3390">
     <span class='ocr_line' id='line_1_30' title="bbox 278 3337 761 3390; baseline 0 -10"><span class='ocrx_word' id='word_1_250' title='bbox 278 3337 316 3390; x_wconf 86' lang='lat'><strong>8)</strong></span> <span class='ocrx_word' id='word_1_251' title='bbox 371 3337 439 3380; x_wconf 80' lang='lat' dir='ltr'><strong>Cf.</strong></span> <span class='ocrx_word' id='word_1_252' title='bbox 469 3350 595 3390; x_wconf 83' lang='lat' dir='ltr'><strong>supra</strong></span> <span class='ocrx_word' id='word_1_253' title='bbox 623 3350 665 3390; x_wconf 89' lang='lat' dir='ltr'><strong>p.</strong></span> <span class='ocrx_word' id='word_1_254' title='bbox 696 3340 761 3381; x_wconf 87' lang='lat'><strong>83.</strong></span> 
     </span>
    </p>

    <p class='ocr_par' dir='ltr' id='par_1_12' title="bbox 277 3415 981 3469">
     <span class='ocr_line' id='line_1_31' title="bbox 277 3415 981 3469; baseline 0.001 -12"><span class='ocrx_word' id='word_1_255' title='bbox 277 3415 314 3468; x_wconf 82' lang='grc'><strong>4)</strong></span> <span class='ocrx_word' id='word_1_256' title='bbox 369 3417 480 3468; x_wconf 86' lang='lat' dir='ltr'><strong>Pap.</strong></span> <span class='ocrx_word' id='word_1_257' title='bbox 516 3416 627 3458; x_wconf 84' lang='lat' dir='ltr'><strong>Tebt.</strong></span> <span class='ocrx_word' id='word_1_258' title='bbox 660 3417 699 3468; x_wconf 89' lang='lat'><strong>1,</strong></span> <span class='ocrx_word' id='word_1_259' title='bbox 728 3417 802 3467; x_wconf 86' lang='lat'><strong>39,</strong></span> <span class='ocrx_word' id='word_1_260' title='bbox 833 3418 856 3457; x_wconf 83' lang='lat'><strong>4</strong></span> <span class='ocrx_word' id='word_1_261' title='bbox 889 3428 981 3469; x_wconf 89' lang='lat' dir='ltr'><strong>sqq.</strong></span> 
     </span>
    </p>

    <p class='ocr_par' dir='ltr' id='par_1_13' title="bbox 222 3492 2178 3705">
     <span class='ocr_line' id='line_1_32' title="bbox 278 3492 2178 3550; baseline 0.002 -13"><span class='ocrx_word' id='word_1_262' title='bbox 278 3492 347 3537; x_wconf 80' lang='lat' dir='ltr'><strong>cf.</strong></span> <span class='ocrx_word' id='word_1_263' title='bbox 389 3493 442 3535; x_wconf 89' lang='lat' dir='ltr'><strong>B.</strong></span> <span class='ocrx_word' id='word_1_264' title='bbox 489 3493 543 3536; x_wconf 84' lang='grc' dir='ltr'><strong>Ο.</strong></span> <span class='ocrx_word' id='word_1_265' title='bbox 592 3494 644 3537; x_wconf 88' lang='lat' dir='ltr'><strong>U.</strong></span> <span class='ocrx_word' id='word_1_266' title='bbox 690 3496 812 3545; x_wconf 84' lang='lat'>1012,</span> <span class='ocrx_word' id='word_1_267' title='bbox 858 3507 967 3547; x_wconf 82' lang='lat' dir='ltr'><strong>quae</strong></span> <span class='ocrx_word' id='word_1_268' title='bbox 1005 3498 1066 3537; x_wconf 87' lang='lat' dir='ltr'><strong>est</strong></span> <span class='ocrx_word' id='word_1_269' title='bbox 1108 3497 1292 3548; x_wconf 86' lang='lat' dir='ltr'><strong>querella</strong></span> <span class='ocrx_word' id='word_1_270' title='bbox 1335 3497 1534 3548; x_wconf 80' lang='lat' dir='ltr'><strong>epistatae</strong></span> <span class='ocrx_word' id='word_1_271' title='bbox 1578 3497 1698 3548; x_wconf 69' lang='lat' dir='ltr'><strong>data,</strong></span> <span class='ocrx_word' id='word_1_272' title='bbox 1742 3499 1862 3540; x_wconf 90' lang='lat' dir='ltr'><strong>cuius</strong></span> <span class='ocrx_word' id='word_1_273' title='bbox 1907 3499 2054 3550; x_wconf 89' lang='lat' dir='ltr'><strong>petitio</strong></span> <span class='ocrx_word' id='word_1_274' title='bbox 2096 3502 2178 3541; x_wconf 85' lang='lat' dir='ltr'><strong>est:</strong></span> 
     </span>
     <span class='ocr_line' id='line_1_33' title="bbox 225 3567 2175 3630; baseline 0.003 -17"><span class='ocrx_word' id='word_1_275' title='bbox 225 3567 384 3624; x_wconf 77' lang='grc' dir='ltr'><strong><em>[ἀξιῙῶι</em></strong></span> <span class='ocrx_word' id='word_1_276' title='bbox 415 3602 424 3614; x_wconf 93' lang='grc'><strong>.</strong></span> <span class='ocrx_word' id='word_1_277' title='bbox 443 3602 453 3613; x_wconf 89' lang='grc'><strong>.</strong></span> <span class='ocrx_word' id='word_1_278' title='bbox 473 3602 482 3613; x_wconf 89' lang='grc'><em>.</em></span> <span class='ocrx_word' id='word_1_279' title='bbox 501 3603 510 3612; x_wconf 92' lang='grc'>.</span> <span class='ocrx_word' id='word_1_280' title='bbox 540 3569 783 3625; x_wconf 79' lang='grc' dir='ltr'><strong><em>ὖποτάΙξαι]</em></strong></span> <span class='ocrx_word' id='word_1_281' title='bbox 804 3587 893 3626; x_wconf 89' lang='grc' dir='ltr'><strong>μου</strong></span> <span class='ocrx_word' id='word_1_282' title='bbox 922 3570 971 3614; x_wconf 80' lang='grc' dir='ltr'><strong>τὸ</strong></span> <span class='ocrx_word' id='word_1_283' title='bbox 999 3571 1270 3628; x_wconf 77' lang='grc' dir='ltr'><strong><em>ὕπΙόῙμνημα</em></strong></span> <span class='ocrx_word' id='word_1_284' title='bbox 1303 3572 1583 3628; x_wconf 73' lang='grc' dir='ltr'><strong><em>Πτολεμαίωι</em></strong></span> <span class='ocrx_word' id='word_1_285' title='bbox 1609 3578 1689 3617; x_wconf 76' lang='grc' dir='ltr'><strong>τῶι</strong></span> <span class='ocrx_word' id='word_1_286' title='bbox 1713 3573 2175 3630; x_wconf 77' lang='grc' dir='ltr'><strong><em>ἅρχισωματοφύλακι</em></strong></span> 
     </span>
     <span class='ocr_line' id='line_1_34' title="bbox 222 3645 1258 3705; baseline 0.002 -15"><span class='ocrx_word' id='word_1_287' title='bbox 222 3645 301 3691; x_wconf 81' lang='grc' dir='ltr'><strong>καὶ</strong></span> <span class='ocrx_word' id='word_1_288' title='bbox 328 3652 598 3705; x_wconf 78' lang='grc' dir='ltr'><strong><em>στρατηγῶι,</em></strong></span> <span class='ocrx_word' id='word_1_289' title='bbox 629 3648 726 3702; x_wconf 77' lang='grc' dir='ltr'><strong><em>[ἵνα]</em></strong></span> <span class='ocrx_word' id='word_1_290' title='bbox 753 3648 874 3705; x_wconf 86' lang='grc' dir='ltr'><em>τύχω</em></span> <span class='ocrx_word' id='word_1_291' title='bbox 904 3653 993 3692; x_wconf 84' lang='grc' dir='ltr'><strong>τῶν</strong></span> <span class='ocrx_word' id='word_1_292' title='bbox 1022 3649 1258 3703; x_wconf 81' lang='grc' dir='ltr'><strong><em>ὃικαί[ω]ν.</em></strong></span> 
     </span>
    </p>

    <p class='ocr_par' dir='ltr' id='par_1_14' title="bbox 276 3725 2179 3785">
     <span class='ocr_line' id='line_1_35' title="bbox 276 3725 2179 3785; baseline 0.003 -17"><span class='ocrx_word' id='word_1_293' title='bbox 276 3725 321 3779; x_wconf 72' lang='grc' dir='ltr'><strong>ὁ)</strong></span> <span class='ocrx_word' id='word_1_294' title='bbox 369 3726 637 3779; x_wconf 70' lang='lat' dir='ltr'><strong>Quamquam</strong></span> <span class='ocrx_word' id='word_1_295' title='bbox 692 3728 801 3770; x_wconf 84' lang='lat' dir='ltr'><strong>hanc</strong></span> <span class='ocrx_word' id='word_1_296' title='bbox 843 3740 930 3770; x_wconf 90' lang='lat' dir='ltr'><strong>rem</strong></span> <span class='ocrx_word' id='word_1_297' title='bbox 972 3729 1101 3771; x_wconf 89' lang='lat' dir='ltr'><strong>modo</strong></span> <span class='ocrx_word' id='word_1_298' title='bbox 1143 3730 1313 3781; x_wconf 83' lang='lat' dir='ltr'><strong>egregio</strong></span> <span class='ocrx_word' id='word_1_299' title='bbox 1356 3730 1439 3772; x_wconf 86' lang='lat' dir='ltr'><strong>iam</strong></span> <span class='ocrx_word' id='word_1_300' title='bbox 1481 3731 1747 3773; x_wconf 84' lang='lat' dir='ltr'><strong>absolverunt</strong></span> <span class='ocrx_word' id='word_1_301' title='bbox 1793 3732 1894 3774; x_wconf 82' lang='lat' dir='ltr'><strong>Paul</strong></span> <span class='ocrx_word' id='word_1_302' title='bbox 1934 3733 1991 3773; x_wconf 89' lang='lat' dir='ltr'><strong>M.</strong></span> <span class='ocrx_word' id='word_1_303' title='bbox 2036 3733 2179 3785; x_wconf 87' lang='lat' dir='ltr'><strong>Meyer</strong></span> 
     </span>
    </p>
   </div>
  </div>
 </body>
</html>
