2612 4412
362 463 453 500 VIII
1304 478 1368 484 -·-

2204 611 2304 663 Pag.

557 681 603 728 4.
676 679 755 730 De
789 694 909 729 cura
942 693 1187 743 aggerum
1224 668 1271 729 et
1304 678 1560 730 fossarum
1583 719 2172 736 ........
2239 688 2305 738 44

559 769 603 818 5.
673 767 880 828 Quibus
916 766 1216 818 muneribus
1250 759 1758 833 κωμογραμματεύςΔ
1786 769 1990 822 functus
2024 771 2088 823 sit
2122 771 2174 824 in

673 855 888 920 liturgiis
923 854 1289 906 distribuendis
1344 895 2172 912 ...........
2240 863 2306 914 46

558 945 602 995 6.
674 945 754 995 De
787 944 1306 1009 κωμογραμματέως
1341 944 1644 997 muneribus
1679 961 1810 1011 quae
1835 947 2087 1012 pertinent
2109 948 2173 1000 ad

673 1032 992 1098 disciplinam
1029 1033 1287 1099 publicam
1340 1073 2172 1088 ...........
2241 1039 2308 1090 49

488 1122 567 1173 IV.
1009 1162 2171 1176 ...............
2241 1127 2306 1178 57

358 1208 549 1261 CAPUT
585 1211 662 1261 111.
735 1210 814 1262 De
850 1211 1130 1262 comarcha.

491 1299 523 1350 Ι.
596 1299 843 1351 Praefatio
929 1340 2172 1353 ................
2241 1304 2307 1355 58

473 1389 528 1439 11.
600 1389 679 1439 De
714 1389 1007 1440 comarchae
1042 1389 1346 1441 muneribus
1425 1430 2173 1443 ..........
2243 1393 2308 1444 59

553 1493 600 1528 a.
672 1478 710 1528 11
780 1481 894 1529 ante
930 1477 988 1529 C.
1026 1478 1228 1530 saeculo
1260 1518 2173 1532 ............
2243 1481 2308 1532 59

554 1566 599 1617 b.
672 1567 733 1617 111
786 1570 900 1618 ante
937 1566 996 1618 C.
1033 1567 1236 1619 saeculo
1258 1607 2172 1620 ............
2240 1569 2306 1620 63

628 1657 667 1706 l.
740 1656 818 1707 De
854 1671 974 1708 cura
1007 1672 1249 1721 agrorum
1340 1697 2172 1709 ...........
2240 1659 2307 1711 63

621 1746 666 1796 2.
740 1746 819 1797 De
855 1761 975 1797 cura
1008 1761 1254 1812 aggerum
1291 1745 1652 1812 fossarumque
1750 1786 2170 1798 ......
2240 1749 2306 1800 65

621 1836 666 1886 3.
739 1835 819 1886 De
853 1836 1064 1887 seminis
1100 1835 1460 1887 distributione
1505 1875 2172 1888 .........
2241 1838 2307 1888 67

618 1925 665 1974 4.
738 1923 818 1975 De
882 1924 1185 1976 muneribus
1247 1939 1378 1989 quae
1429 1924 1681 1990 pertinent
1731 1924 1796 1976 ad
1849 1924 2171 1992 disciplinam

733 2012 990 2078 publicam
1016 2053 2170 2066 ...............
2241 2017 2307 2067 70

354 2098 547 2152 CAPUT
583 2101 661 2153 IV.
735 2102 814 2152 De
848 2102 1252 2169 Archiphylacita
1287 2102 1670 2169 phylacitisque.

488 2190 520 2240 Ι.
592 2190 840 2242 Praefatio
923 2231 2168 2245 ................
2239 2194 2304 2245 73

461 2279 515 2329 ΙΙ.
588 2278 668 2330 De
702 2280 1118 2346 archiphylacitae
1153 2280 1621 2347 phylacitarumque
1657 2281 1958 2334 muneribus
1993 2323 2004 2334 .
2077 2322 2087 2334 .
2158 2323 2169 2334 .
2239 2283 2304 2334 78

557 2369 596 2418 1.
670 2368 750 2419 De
786 2369 1089 2421 muneribus
1123 2369 1187 2420 ad
1225 2385 1306 2421 res
1340 2369 1450 2421 fisci
1487 2369 1858 2436 pertinentibus
1912 2411 1924 2422 .
1994 2411 2006 2422 .
2076 2412 2087 2423 .
2158 2410 2169 2423 .
2238 2374 2304 2424 78

552 2458 598 2507 2.
670 2457 750 2508 De
793 2458 1094 2510 muneribus
1139 2458 1204 2509 ad
1252 2458 1572 2525 disciplinam
1620 2459 2040 2526 securitatemque
2076 2476 2170 2527 pu-

669 2546 849 2598 blicam
887 2547 1256 2613 pertinentibus
1336 2588 2166 2602 ...........
2235 2553 2302 2603 82

352 2632 543 2686 CAPUT
581 2635 659 2687 IV.
733 2636 811 2686 De
848 2636 1082 2702 Epistata.

487 2725 518 2774 I.
590 2725 839 2777 Praefatio
923 2765 2166 2780 ................
2235 2729 2302 2781 86

463 2813 519 2863 ΙΙ.
591 2814 670 2865 De
705 2815 939 2880 epistatae
975 2815 1278 2867 muneribus
1334 2855 2166 2870 ...........
2235 2819 2302 2870 87

557 2904 596 2953 1.
669 2903 748 2954 De
800 2904 1035 2969 epistatae
1082 2905 1383 2956 muneribus
1431 2905 1494 2955 ad
1544 2905 1863 2971 disciplinam
1911 2907 2167 2973 publicam

667 2992 1038 3057 pertinentibus
1091 3033 1593 3045 .......
1609 3037 1610 3041 ,
1665 3034 2166 3047 .......
2236 2997 2302 3048 87

550 3082 595 3131 2.
668 3080 747 3132 De
782 3083 987 3147 epistata
1022 3082 1158 3147 pacis
1192 3082 1382 3134 arbitro
1419 3122 2166 3136 ..........
2235 3087 2302 3138 89
