2612 4412
1116 380 1172 429 31

218 578 264 629 3.
333 577 417 628 De
448 573 966 640 κωμογραμματέως
1002 571 1056 622 in
1093 574 1223 622 terra
1256 569 1675 621 administranda
1711 569 2003 619 muneribus
2022 570 2079 632 1).

585 745 632 781 a.
705 729 796 780 De
842 741 1150 793 agrorum
1199 725 1709 777 commentariis.

235 877 737 947 Κομογραμματεύς
772 880 827 928 ut
861 876 1045 928 tributa
1080 875 1186 938 illa,
1223 875 1288 926 de
1323 875 1513 940 quibus
1548 889 1702 940 supra
1736 874 1960 939 egimUS,
1999 874 2131 924 bene

166 956 504 1040 administret,
557 973 711 1027 totius
756 973 950 1039 κώμης
995 970 1227 1022 territorii
1275 970 1655 1036 discriptionem
1701 970 1881 1020 habeat
1927 985 2132 1020 necesse

167 1074 265 1125 est:
309 1085 559 1139 quaenam
585 1068 789 1137 praedia
810 1068 911 1121 Sint
932 1067 1204 1134 βασιλικῆς
1229 1072 1348 1134 γῆς,
1386 1082 1516 1132 quae
1546 1067 1712 1132 ἱερᾶς,
1744 1081 1874 1131 quae
1898 1065 2129 1132 κληρου-

167 1173 344 1236 χικῆς;
379 1171 487 1219 turn
525 1166 736 1219 nomina
769 1164 1057 1229 βασιλικῶν
1094 1167 1374 1230 γεωργῶν,
1411 1162 1745 1235 templorum,
1784 1161 2129 1228 κληρούχων,

167 1278 391 1330 quorum
445 1261 675 1329 quidque
723 1260 988 1328 praedium
1041 1262 1144 1324 est,
1198 1258 1386 1310 deinde
1438 1259 1588 1322 situs,
1642 1258 1857 1321 reditus,
1911 1261 2129 1324 pretium

166 1358 491 1426 singulorum
532 1357 884 1425 praediorum,
922 1356 1045 1408 haec
1083 1356 1258 1408 omnia
1287 1355 1338 1406 in
1382 1355 1566 1407 tabulis
1607 1355 1758 1406 relata
1785 1370 1895 1406 esse
1930 1358 2133 1420 oportet

169 1455 359 1510 Omnis
404 1455 567 1528 igitur*
602 1469 842 1521 agrorum
892 1453 1085 1520 κώμης
1127 1468 1244 1504 cura
1281 1457 1744 1519 κωμογραμματεῖ
1774 1452 2008 1503 mandata
2044 1456 2129 1503 est.

237 1553 310 1606 Ut
371 1552 546 1604 omnia
607 1551 690 1602 illa
751 1566 883 1617 quae
946 1550 1224 1601 memoravi
1295 1553 1597 1615 cognoscat,
1674 1553 2138 1615 κωμογραμματεῒ

167 1648 495 1716 praediorum
531 1662 741 1699 censum
775 1661 908 1713 opus
942 1650 1017 1698 est
1050 1646 1250 1697 habere.

235 1746 406 1798 Nemo
441 1745 641 1811 ignorat
675 1744 774 1795 iam
813 1743 1167 1795 pharaonibus
1204 1743 1533 1808 regnantibus
1564 1742 1889 1808 praediorum
1919 1757 2128 1794 censum

167 1841 339 1895 fuisse.
391 1842 574 1893 Narrat
607 1841 743 1892 enim
783 1839 1081 1892 Herodotus
1103 1841 1144 1904 2)
1183 1840 1462 1892 Sesostrem
1500 1855 1672 1905 regem
1708 1840 1923 1906 Aegypti
1960 1840 2128 1892 solum

167 1937 402 1991 divisisse
448 1938 499 1988 in
548 1937 753 2004 praedia
799 1937 1028 1988 eiusdem
1066 1951 1334 1988 mensurae
1369 1935 1636 2001 quadrata,
1684 1951 1909 2002 quorum
1946 1936 2132 2002 cuique

166 2034 537 2103 Aegyptiorum
572 2033 774 2099 singula
808 2033 1169 2096 distribuisset,
1207 2037 1337 2085 certa
1367 2032 1623 2084 fructuum
1652 2037 1789 2099 parte
1816 2033 1987 2084 tributi
2015 2033 2132 2085 loco

167 2131 296 2184 fisco
341 2131 470 2184 solvi
516 2130 666 2183 iussa.
719 2129 793 2181 Εἰ
835 2130 894 2181 δέ
939 2149 1099 2189 τινος,
1147 2130 1333 2196 pergit,
1381 2133 1473 2180 τοῦ
1510 2129 1711 2195 κλήρου
1749 2129 1779 2180 ὁ
1814 2129 2054 2196 ποταμός
2089 2150 2130 2180 τι

167 2227 468 2295 παρέλοιτο,
510 2226 688 2278 ἐλθὼν
723 2228 788 2278 ἂν
821 2225 957 2293 πρὸς
993 2225 1152 2277 αὐτὸν
1189 2230 1274 2291 (sc.
1312 2226 1504 2291 regem)
1543 2226 1790 2292 ἐσήμαινε
1824 2226 1881 2277 τὸ
1920 2245 2129 2292 γεγενη-

166 2324 344 2391 μένον.
414 2323 444 2376 ὁ
503 2323 560 2375 δὲ
611 2324 811 2388 ἔπεμπε
862 2322 982 2379 τοὺς
1033 2322 1487 2388 ἐπισκεψομένους
1537 2321 1626 2371 καὶ
1677 2321 2134 2389 ἀναμετρήσοντας

169 2421 285 2488 ὅσῳ
330 2419 568 2472 ἐλάσσων
610 2419 641 2470 ὁ
675 2423 857 2486 χῶρος
893 2419 1098 2485 γέγονε,
1147 2418 1294 2474 ὅκως
1329 2421 1419 2468 τοῦ
1456 2417 1642 2468 λοιποῦ
1679 2417 1811 2468 κατὰ
1848 2417 2007 2483 λόγον
2042 2424 2133 2485 τῆς

168 2516 481 2584 τεταγμένης
515 2515 799 2583 ἀποφορῆς
832 2514 1004 2566 τελέοι.

237 2612 397 2676 Quod
443 2615 611 2664 autem
657 2629 720 2664 ex
767 2611 1034 2664 Herodoto
1082 2610 1385 2662 iamdudum
1432 2610 1670 2676 colligere
1717 2611 1878 2673 licuit,
1929 2612 2132 2678 papyris

168 2709 437 2777 probatur,
472 2707 659 2762 scilicet
693 2711 741 2760 et
777 2707 1078 2760 Ptolemaeis
1114 2710 1162 2758 et
1197 2707 1589 2773 imperatoribus
1625 2707 1954 2772 regnantibus
1991 2724 2131 2774 prae-

168 2789 374 2858 diorum
436 2819 646 2858 censum
710 2803 763 2855 in
825 2804 1059 2871 Aegypto
1123 2803 1293 2855 fuisse.
1363 2802 1628 2855 Vasatium
1685 2803 1737 2854 in
1790 2819 1896 2869 quo
1949 2820 2132 2856 census

169 2900 369 2955 tabulae
403 2900 856 2963 conservabantur,
894 2899 1211 2966 καταγραφή
1247 2898 1552 2966 appellatum
1590 2900 1762 2964 erat3).

170 3107 370 3159 regnante
407 3106 544 3158 primo
576 3105 800 3156 Euergete,
842 3105 913 3145 ubi
943 3101 1172 3158 βασιλικὸς
1203 3101 1486 3157 γραμματεύς
1516 3104 1596 3143 olei
1628 3102 1888 3143 institoribus
1917 3103 2060 3143 scribit
2090 3116 2135 3144 se

173 3183 436 3226 Heraclidem
475 3183 686 3235 quendam
727 3183 910 3233 misisse,
952 3183 1025 3234 qui
1065 3182 1204 3223 videat
1238 3194 1291 3223 ne
1320 3182 1459 3223 oleum
1490 3182 1664 3222 minoris
1693 3185 1837 3221 veneat
1867 3182 1999 3231 pretio
2030 3193 2131 3222 con-

171 3263 328 3304 stituto.
370 3262 455 3310 Qui
495 3272 594 3303 vero
633 3261 807 3302 minoris
847 3261 999 3302 vendet
1040 3258 1304 3314 φυλακίταις
1343 3260 1571 3301 tradendus
1601 3262 1683 3309 est,
1725 3260 1795 3310 qui
1828 3270 1922 3299 eum
1954 3259 2130 3300 Alexan-

171 3340 304 3383 drIam
334 3340 511 3382 mittant.
544 3340 668 3382 Unde
698 3339 944 3390 intelligitur
972 3350 1107 3390 neque
1122 3339 1320 3389 epistatae
1336 3349 1471 3389 neque
1497 3337 1948 3390 κωμογραμματεῖΗΙ
1966 3338 2133 3378 sacculo

172 3419 283 3461 idem
314 3419 356 3460 in
387 3418 452 3460 his
481 3418 605 3460 rebus
634 3418 699 3459 ius
728 3418 855 3459 fuisse
883 3419 1009 3469 atque
1039 3417 1205 3459 saeculo
1237 3417 1286 3457 11.

226 3495 263 3549 1)
320 3495 385 3538 De
412 3498 544 3538 terrae
572 3496 795 3547 generibus
823 3495 876 3537 cf.
902 3496 1210 3547 praffatlonem
1235 3494 1470 3547 generalem
1500 3496 1540 3535 et
1570 3494 1698 3535 libros
1729 3494 1784 3534 ibi
1816 3494 2018 3535 laudatos.

227 3573 263 3626 2)
321 3574 381 3625 ll,
414 3575 500 3616 109.

227 3651 263 3704 3)
318 3651 426 3705 Pap.
458 3651 587 3704 Oxyr.
621 3652 659 3702 1,
694 3653 790 3701 100,
826 3653 919 3692 11:.
938 3683 947 3691 .
968 3682 976 3692 .
1008 3648 1095 3692 ἀπὸ
1128 3654 1215 3692 τῶν
1245 3649 1535 3704 ὑπαρχόντων
1563 3650 1704 3703 μΙΟΙι.
1726 3680 1733 3690 .
1755 3648 1924 3691 ,τόπων
1951 3648 2132 3702 βει’κοι·;

171 3726 407 3783 τέσσαρας,
437 3726 502 3771 ὧν
531 3727 558 3784 ἤ
589 3726 827 3770 τοποθεσία
856 3727 935 3771 καί
964 3726 1012 3770 τὸ
1043 3725 1137 3771 κατ’
1172 3726 1333 3781 ἄνεμον
1357 3725 1429 3769 διὰ
1460 3732 1535 3782 τῆς
1558 3730 1850 3780 καταγραφῆς
1871 3723 2130 3780 δεδήλωται.
