2612 4412
1361 371 1426 421 90

417 523 649 589 epistatae
695 523 746 573 in
793 538 846 574 re
892 523 1150 574 iudiciaria
1195 527 1357 590 partes
1402 523 1590 574 fuerint
1640 523 1985 589 exposuimus.
2050 525 2160 576 Hac
2204 525 2268 576 de
2315 540 2369 577 re

417 618 706 685 praesertim
755 618 917 671 edocti
966 634 1145 671 sumus
1185 619 1403 685 Papyris
1435 619 1715 684 Magdola,
1763 633 1893 684 quae
1938 618 2111 684 paucis
2152 621 2370 686 exceptis

418 715 664 774 ἐντεύξεις
697 720 839 779 sunt,
887 717 958 773 εἰς
992 715 1050 767 τὸ
1086 720 1177 767 τοῦ
1213 715 1475 782 βασιλέως
1509 715 1682 781 ὄνομα
1717 717 1935 780 stratego
1971 714 2137 779 datae,
2180 715 2371 782 quibus

418 811 600 876 petitor
645 811 864 877 quadam
912 811 1094 863 iniuria
1140 812 1377 863 affectum
1424 826 1479 863 se
1525 826 1634 862 esse
1679 814 1888 876 questus
1933 826 1962 862 a
2010 826 2129 876 rege
2163 811 2284 878 petit
2316 815 2372 863 ut

417 910 688 972 strategum
721 907 890 959 iubeat
923 907 1193 959 adversarii
1220 922 1409 959 nomen
1435 907 1669 973 recipere.
1703 905 2020 965 Ἐντεύξεων
2049 909 2216 957 autem
2248 905 2372 973 peti-

417 1003 580 1055 tiones
627 1003 836 1055 duobus
878 1003 1047 1056 modis
1082 1007 1352 1070 conceptae
1387 1007 1541 1055 sunt:
1575 1019 1604 1054 a
1639 1018 1757 1068 rege
1792 1002 1976 1068 petitur
2010 1005 2065 1053 ut
2098 1004 2371 1068 strategum

418 1099 587 1150 iubeat
631 1100 849 1152 scribere
896 1100 1131 1166 epistatae
1177 1103 1232 1151 ut
1277 1116 1330 1151 re
1375 1100 1577 1165 cognita
1624 1099 1855 1150 διάλυσιν
1901 1098 2063 1150 facere
2108 1098 2371 1164 coneturl)

418 1198 503 1245 aut
538 1210 681 1245 reum
717 1194 781 1246 ad
817 1210 871 1247 se
908 1196 1222 1261 (strategum)
1260 1195 1485 1260 mittat2).

489 1292 769 1357 Utriusque
803 1307 924 1343 vero
959 1292 1160 1357 generis
1195 1291 1442 1351 ἐντεύξεις
1476 1291 1698 1343 eundem
1734 1291 1923 1342 habent
1956 1290 2218 1355 effectum,
2252 1293 2374 1342 stra-

419 1391 564 1452 tegus
609 1388 745 1439 enim
793 1388 1040 1448 ἐντεύξεις
1085 1388 1457 1454 subscriptione
1504 1388 1752 1440 instruere
1797 1387 1948 1451 solet,
1996 1402 2126 1453 quae
2172 1386 2252 1438 his
2289 1388 2375 1438 aut

419 1483 673 1534 similibus
708 1484 877 1535 verbis
911 1487 1152 1550 concepta
1186 1487 1284 1535 est:

487 1577 813 1645 Μενάνὸρωι
862 1579 912 1644 (i.
951 1595 991 1630 e.
1039 1579 1341 1646 ἕπιστάτηι)·
1388 1578 1654 1646 udaeam)
1705 1578 1994 1645 ὃι(άλυσον)
2009 1579 2051 1644 3)
2089 1577 2299 1640 αὐτούς
2331 1577 2381 1630 εἰ

423 1674 480 1725 δὲ
525 1675 600 1741 μὴ
650 1674 999 1741 ἅπό(στειλον)
1047 1674 1301 1741 Διογένην
1350 1675 1400 1740 (i.
1436 1690 1478 1726 e.
1513 1675 1678 1740 reum)
1723 1673 1915 1741 ὅπ(ως)
1955 1673 2038 1725 ἐπὶ
2071 1678 2164 1725 τοῦ
2198 1673 2373 1741 καθή-

421 1790 608 1827 κοντος
642 1771 911 1837 κριτηρίου
949 1770 1289 1837 ὃιακριθῆι4).

488 1860 696 1918 'Iubetur
730 1867 884 1933 igitur
918 1868 1123 1934 epistata
1158 1884 1365 1934 operam
1402 1868 1522 1919 dare
1557 1871 1612 1919 ut
1645 1868 1781 1919 litem
1817 1871 2090 1934 componat
2101 1885 2113 1932 ;
2155 1866 2297 1934 quod
2331 1866 2375 1920 si

424 1964 605 2015 frustra
639 1964 790 2015 fuerit
824 1980 942 2015 eum
980 1980 1124 2016 reum
1152 1965 1215 2015 ad
1247 1968 1519 2030 strategum
1556 1964 1752 2016 mittere
1787 1967 2009 2031 oportet,
2045 1964 2134 2030 qui
2170 1979 2275 2016 rem
2311 1963 2376 2016 ad

422 2060 614 2110 iudices
649 2063 990 2125 competentes
1024 2060 1227 2112 deferat.

490 2156 759 2222 Epistatam
797 2172 903 2208 non
940 2156 1160 2208 iudicem
1197 2171 1329 2220 esse,
1366 2156 1456 2208 sed
1492 2159 1748 2222 tamquam
1785 2156 1921 2223 pacis
1954 2155 2200 2207 arbitrum
2229 2170 2378 2222 agere

423 2268 483 2303 ex
519 2252 603 2303 illa
636 2252 1009 2319 subscriptione
1045 2252 1211 2304 lucide
1245 2253 1518 2319 apparet5).

423 2455 535 2506 (Klio
578 2456 605 2495 1.
647 2456 714 2506 l.),
759 2455 945 2496 Wilcken
984 2455 1154 2506 (Archiv
1192 2455 1247 2496 IV
1285 2467 1327 2506 p.
1367 2456 1420 2496 48
1459 2455 1567 2507 sqq.)
1608 2455 1785 2506 aliique,
1830 2455 1992 2504 tamen,
2037 2465 2090 2495 ne
2117 2453 2221 2505 quid
2249 2453 2378 2504 desit,

423 2534 638 2584 sequentia
665 2534 854 2574 omittere
882 2534 1012 2574 nolui.

479 2612 514 2663 1)
572 2613 684 2653 Talis
713 2614 774 2652 est
802 2613 916 2663 petio
937 2613 1049 2664 Pap.
1071 2612 1224 2663 Magd.
1255 2614 1303 2652 2:
1327 2609 1481 2664 δέομαι
1510 2608 1591 2652 οὖν
1606 2625 1685 2652 σου
1703 2608 1884 2665 βασιλεῦ
1908 2607 2151 2664 προστάξαι
2169 2607 2388 2664 Διοφανεῒ

424 2693 504 2730 τῶι
543 2693 789 2744 στρατηγῶι
825 2687 997 2743 γράψαι
1035 2687 1307 2743 Μενάνδρωι
1345 2692 1426 2730 τῶι
1464 2686 1710 2742 ἓπιστάτηι,
1748 2685 1825 2730 ἐὰν
1853 2686 2061 2742 φαίνηται
2091 2685 2158 2729 ὢν
2183 2685 2210 2728 ὅ
2236 2691 2381 2741 τοῖχος

425 2765 659 2821 ἡμέτερος,
697 2765 760 2821 μὴ
800 2765 1045 2821 ἐπιτρέπειν
1083 2770 1163 2808 τῶι
1203 2764 1385 2821 Ποώρει
1425 2768 1467 2819 (i.
1505 2779 1539 2808 e.
1571 2766 1658 2818 reo)
1696 2763 1916 2807 κωλύσειν
1949 2763 2065 2820 ἡμᾶς
2102 2763 2393 2818 οἰκοδομεῖν,

425 2845 494 2887 ἵνα
525 2843 618 2886 κτλ.
661 2846 817 2886 Eodem
862 2845 991 2886 modo
1031 2846 1259 2896 conceptae
1296 2847 1394 2886 sunt
1431 2845 1543 2896 Pap.
1583 2844 1738 2895 Magd.
1767 2845 1816 2894 4,
1847 2843 1962 2895 8(?),
1996 2835 2066 2893 13,
2099 2844 2170 2893 17,
2201 2843 2275 2893 20,
2305 2842 2380 2893 23,

426 2925 477 2964 29
492 2955 500 2973 ,
530 2925 595 2964 40.

480 3001 516 3052 2)
574 3001 640 3042 Cf.
672 3002 783 3053 Pap.
813 3001 967 3051 Magd.
1002 3003 1046 3050 1,
1087 3001 1205 3041 cuius
1233 3001 1380 3051 petitio
1409 3002 1490 3041 est:
1531 2997 1685 3053 δέομαι
1715 2996 1795 3040 οὖν
1824 3012 1903 3040 σου
1931 2996 2112 3053 βασιλεῦ
2139 2994 2381 3052 προστάξαι

426 3077 646 3132 Διοφανεῖ
682 3082 762 3119 τῶι
806 3081 1052 3133 στρατηγῶι
1090 3075 1261 3132 γράψαι
1299 3075 1519 3119 Μενέλλαι
1558 3080 1638 3118 τῶι
1676 3074 1897 3130 ἒπιστάτηι
1933 3073 2182 3118 ἀποστεῖλαι
2219 3071 2382 3122 αὐτοὺς

427 3158 498 3208 (sc.
530 3157 637 3208 reos)
666 3154 1111 3210 διακριθησομένους.
1155 3153 1232 3197 καὶ
1261 3153 1338 3197 ἐὰν
1367 3153 1413 3210 ἧι
1443 3154 1470 3196 ἃ
1499 3153 1662 3209 γράφω
1691 3152 1868 3208 ἀληθῆ,
1897 3151 2100 3208 πραχθῆι
2125 3167 2203 3207 μοι
2230 3150 2324 3194 κτλ.

487 3236 641 3275 Eadem
671 3235 808 3275 forma
837 3236 1063 3285 conceptae
1091 3236 1189 3275 sunt
1216 3235 1326 3285 Pap.
1357 3234 1512 3285 Magd.
1542 3235 1591 3283 3,
1621 3235 1670 3283 7,
1704 3234 1777 3283 10,
1809 3234 1879 3282 12,
1913 3233 1983 3282 16,
2018 3233 2087 3282 18,
2117 3233 2182 3282 21,
2210 3232 2276 3282 22,
2305 3231 2380 3280 24,

427 3315 502 3362 25,
533 3314 606 3362 27,
638 3314 712 3362 28,
741 3313 816 3362 30,
846 3314 921 3363 33,
950 3314 1025 3362 34,
1054 3313 1128 3362 35,
1158 3313 1234 3362 39,
1263 3313 1310 3351 41
1345 3313 1385 3352 et
1414 3312 1485 3352 illa
1513 3322 1717 3363 papyrus,
1749 3321 1856 3362 quae
1886 3311 1948 3350 est
1966 3309 2077 3350 edita
2099 3309 2143 3349 in
2161 3306 2384 3359 Me‘lang’oe

427 3390 574 3430 Nicole
598 3402 640 3441 p.
670 3392 760 3431 282.

483 3468 519 3519 3)
579 3468 734 3508 Iniuria
773 3468 867 3508 edd.
909 3469 1054 3519 legunt
1093 3465 1479 3521 (συν)δι(άλυσον),
1528 3466 1580 3507 cf.
1612 3466 1820 3515 Wilcken,
1850 3463 2005 3505 Archiv
2033 3464 2088 3505 IV
2115 3475 2157 3515 p.
2185 3463 2238 3504 48
2265 3473 2380 3514 sqq.,

431 3546 532 3586 Paul
561 3547 723 3599 Meyer,
752 3547 849 3592 Klio
877 3547 953 3587 V11
983 3558 1025 3597 p.
1055 3547 1133 3587 290
1162 3548 1304 3587 annot.
1339 3547 1373 3586 1.

484 3623 519 3674 4)
575 3625 684 3675 Pap.
714 3624 866 3675 Magd.
902 3625 962 3665 18.
2052 3641 2054 3643 ¹

485 3700 521 3752 5)
579 3701 646 3742 Cf.
681 3702 871 3753 inprimis
899 3702 1007 3753 Pap.
1037 3701 1190 3753 Magd.
1220 3703 1273 3742 20
1301 3703 1342 3742 et
1370 3702 1444 3750 23,
1485 3700 1558 3741 ubi
1589 3700 1690 3741 haec
1719 3698 1844 3741 verba
1871 3698 2063 3749 petitioni
2092 3697 2234 3740 addita
2261 3699 2380 3738 sunt:
