2612 4412
1161 371 1191 420 9

200 525 397 592 γιστής,
445 525 533 590 qui
581 541 762 576 omnes
810 525 999 576 reditus
1047 529 1093 575 et
1137 540 1357 590 expensa
1405 524 1651 589 inspicere
1694 523 1844 574 debet
1867 524 1906 588 l)
1946 528 1993 574 et
2028 523 2163 579 ἴδιος

197 621 378 689 λόγος,
415 621 504 687 qui
540 621 672 686 regis
707 637 812 672 rem
851 622 1091 687 privatam
1129 624 1279 672 curat.
1319 622 1371 670 In
1410 620 1613 686 papyris
1651 621 1688 670 11
1726 623 1840 670 ante
1876 619 1935 671 C.
1972 620 2156 671 saeculi

197 718 426 771 exeuntis
472 722 724 785 praeterea
765 719 954 770 mentio
991 722 1063 769 est
1098 717 1552 783 ἕπιστολογράφου
1589 720 1635 768 et
1670 717 2160 782 ὑπομνηματογρά-

198 833 332 882 φου,
379 830 600 881 quorum
650 815 732 867 hic
775 816 837 866 ad
876 815 1099 878 libellos,
1148 816 1254 880 regi
1289 814 1459 875 datos,
1509 813 1817 879 respondere
1852 814 2025 876 debet,
2076 813 2158 863 ille

196 928 319 965 vero
354 913 415 965 ad
454 913 690 979 epistolas
725 914 782 978 2).
850 913 1008 974 Quod
1045 914 1108 964 ad
1146 929 1223 964 res
1261 912 1521 974 militares,
1571 910 1904 962 Alexandriae
1942 926 2047 962 non
2085 915 2161 962 est

197 1023 334 1061 unus
384 1009 480 1071 vir,
545 1009 625 1060 eui
679 1010 911 1061 omnium
968 1010 1182 1060 militum
1246 1009 1516 1075 imperium
1571 1007 1864 1059 mandatum
1919 1012 2012 1070 est,
2066 1007 2157 1058 sed

197 1103 399 1171 utrique
444 1106 658 1173 Aegypti
706 1107 830 1172 parti
879 1110 1072 1173 praeest
1107 1106 1503 1172 ἕπιστράτηγος,
1550 1106 1638 1171 qui
1676 1105 1994 1170 magistratus
2031 1119 2156 1154 num

197 1200 296 1252 iam
344 1200 487 1253 initio
533 1201 683 1253 fuerit
728 1202 875 1253 valde
921 1202 1137 1254 dubium
1187 1206 1259 1253 est
1273 1220 1283 1265 ;
1333 1218 1426 1253 nec
1468 1202 1603 1253 enim
1641 1203 2069 1252 commemoratur
2104 1199 2155 1249 in

197 1296 300 1347 ulla
343 1312 405 1348 ex
452 1297 623 1349 multis
670 1298 897 1364 papyris,
945 1313 1075 1363 quae
1125 1299 1184 1348 111
1232 1303 1345 1349 ante
1393 1298 1451 1348 C.
1500 1298 1700 1348 saeculo
1747 1296 1957 1362 scriptae
2006 1295 2162 1347 nobis

195 1395 417 1444 servatae
467 1397 599 1445 sunt.
666 1393 835 1444 Prima
887 1394 1168 1460 epistrategi
1218 1393 1494 1445 Thebaidis
1530 1393 1719 1444 mentio
1757 1396 1830 1443 est
1864 1392 1915 1442 in
1953 1391 2158 1458 papyris

195 1487 393 1555 scriptis
453 1489 795 1542 Philometore
853 1506 970 1556 rege
1005 1491 1078 1556 3),
1138 1490 1226 1556 qui
1287 1490 1604 1556 magistratus
1662 1490 1778 1540 item
1841 1489 1891 1539 in
1952 1489 2158 1555 papyris

195 1584 425 1637 exeuntis
462 1585 500 1636 11
538 1588 586 1636 et
621 1586 840 1638 ineuntis
878 1588 892 1636 Ι
930 1591 1044 1638 ante
1075 1587 1134 1638 C.
1159 1587 1343 1638 saeculi
1370 1587 1522 1639 nobis
1545 1587 1774 1638 occurrit.
1814 1585 2159 1636 Praefueritne

195 1680 295 1735 iam
331 1683 534 1735 saeculo
572 1684 610 1734 ΙΙ
647 1688 737 1750 τῆς
772 1684 918 1736 κάτω
950 1685 1135 1750 χώρας
1165 1685 1325 1750 copiis
1356 1684 1728 1750 ἒπιστράτηγος
1755 1683 1947 1748 ambigi
1980 1686 2158 1748 potest.

198 1777 381 1845 Papyri
427 1778 494 1830 de
538 1794 602 1832 eo
649 1783 809 1831 tacent
855 1796 948 1832 nec
993 1781 1135 1846 quod
1185 1781 1236 1831 in
1284 1781 1544 1832 Thebaide
1590 1780 1874 1847 provincia,
1927 1796 1956 1830 a
1997 1778 2158 1844 eapite

150 1887 152 1890 ’
195 1874 339 1941 regni
383 1876 743 1940 remotissima,
790 1877 1164 1944 ε’πιστράτηγον
1201 1878 1440 1929 novimus
1476 1878 1622 1928 etiam
1660 1877 1751 1943 τὴν
1786 1877 1933 1927 κάτω
1970 1876 2159 1942 χώραν

193 1970 340 2024 talem
379 1973 723 2039 magistratum
761 1961 999 2027 habuisse
1035 1975 1252 2041 probare
1288 1991 1439 2042 posse
1473 1975 1686 2026 videtur.

262 2068 447 2121 Nomis
500 2069 854 2123 pharaonibus
907 2072 1235 2137 regnantibus
1289 2076 1513 2138 praeerat
1562 2071 1838 2138 νομάρχης
1874 2071 1946 2134 4);
1999 2084 2154 2134 quem

196 2164 540 2231 magistratum
590 2167 806 2234 Lagidae
853 2184 957 2220 non
1005 2170 1317 2221 sustulerunt
1359 2170 1447 2220 sed
1485 2170 1621 2219 iuxta
1656 2183 1773 2218 eum
1811 2166 1950 2217 nomi
1988 2164 2156 2215 militi-

194 2262 294 2315 bus
338 2264 627 2331 στρατηγόν
673 2266 1090 2332 praeposuerunt.
1147 2266 1318 2318 Huius
1364 2281 1501 2317 vero
1533 2269 1752 2332 potestas
1799 2264 1864 2314 ita
1905 2265 2048 2314 aucta
2084 2264 2157 2312 est

194 2361 250 2410 ut
293 2371 414 2411 mox
457 2359 879 2413 administrationi
919 2377 1130 2428 quoque
1181 2366 1454 2428 praeesset,
1517 2362 1634 2412 item
1683 2375 1803 2412 cura
1836 2358 2154 2423 vectigalium

192 2459 243 2508 et
288 2457 565 2511 securitatis
614 2459 1013 2527 disciplinaeque
1063 2460 1296 2527 publicae
1346 2460 1390 2511 ei
1440 2459 1673 2511 mandata
1706 2462 1848 2510 esset.
1904 2459 1957 2507 ln
1994 2471 2156 2508 nomo

192 2553 471 2620 Arsinoita‚
532 2557 622 2622 qui
681 2560 887 2624 propter
950 2557 1352 2623 magnitudinem
1415 2557 1465 2608 in
1519 2561 1617 2608 tres
1680 2555 1902 2622 μερίδας
1960 2554 2158 2605 divisus

192 2654 296 2704 erat
329 2649 720 2719 (Ἡρακλείδου,
764 2651 1050 2720 Θεμίστου,
1098 2653 1477 2719 Πολέμωνος),
1525 2652 1742 2718 singulis
1776 2651 1949 2718 μερίσι
1985 2654 2155 2702 strate-

97 2757 103 2762 ’
191 2762 291 2814 gus
345 2740 598 2816 praeerat;
656 2754 810 2801 aetate
861 2765 984 2802 vero
1038 2751 1358 2817 imperatoria
1410 2749 1743 2816 Πολέμωνος
1794 2752 1841 2799 et
1894 2746 2155 2813 Θεμίστου

191 2843 402 2911 μερίδες
453 2845 542 2897 uni
594 2849 811 2912 stratego
864 2847 1118 2898 subiectae
1170 2852 1322 2898 erant.
1382 2878 1424 2882 -
1483 2847 1739 2912 Strategus
1785 2844 1958 2896 sedem
2007 2858 2152 2895 suam

193 2941 344 2995 habet
406 2942 457 2994 in
511 2943 784 3010 metropoli
819 2944 888 3009 5),
959 2944 988 2994 i.
1032 2959 1073 2995 e.
1128 2944 1269 2996 nomi
1333 2944 1492 3011 capite
1555 2943 1790 3008 antiquo;
1856 2940 1925 2993 ibi
1991 2943 2150 2992 totum

194 3053 409 3091 nomum
459 3039 787 3093 administrat.
848 3041 904 3092 Ei
957 3041 1167 3093 subiecti
1220 3046 1339 3093 sunt
1392 3041 1740 3106 magistratus,
1795 3039 1883 3104 qui
1937 3037 2157 3103 singulis

248 3326 285 3380 1)
343 3327 389 3368 In
406 3329 548 3370 nostra
569 3329 703 3381 patria
714 3329 795 3370 hoc
810 3340 981 3370 munere
997 3330 1187 3381 fungitur
1202 3330 1449 3381 collegium,
1467 3330 1532 3370 cui
1559 3340 1710 3370 nomen
1725 3331 1786 3370 est
1806 3328 2153 3376 „Rekenkamer''.

247 3404 284 3457 2)
343 3405 499 3448 Eodem
530 3417 702 3448 munere
729 3407 964 3459 funguntur
991 3420 1040 3449 ac
1071 3408 1352 3451 Romanorum
1385 3420 1409 3449 a
1439 3409 1590 3449 libellis
1619 3411 1658 3449 et
1688 3408 1741 3448 ab
1771 3407 1969 3459 epistolis.

247 3483 284 3536 3)
341 3483 409 3526 Cf.
451 3484 553 3526 Paul
601 3485 658 3527 M.
709 3486 872 3539 Meyer,
923 3486 1021 3527 Das
1058 3487 1298 3527 Heerwesetz
1347 3487 1423 3527 der
1468 3487 1726 3527 Ptolemaeer
1769 3486 1860 3526 ami
1907 3485 2063 3529 Rc'imer
2108 3485 2152 3523 ιή

192 3562 431 3619 Aegypten,
460 3575 532 3616 pp.
562 3565 613 3606 59
641 3566 682 3606 et
710 3566 774 3607 89.

247 3641 285 3693 4)
343 3641 500 3684 Herod.
532 3642 592 3692 11,
626 3643 722 3693 177,
753 3642 806 3684 cf.
839 3643 964 3685 Diod.
999 3644 1037 3693 1,
1069 3645 1131 3685 73.

248 3719 285 3772 ⁶)
341 3719 560 3770 Quatenus
587 3721 641 3762 ad
672 3721 736 3762 ius
764 3721 1003 3773 publicum,
1036 3722 1278 3773 metropolis
1307 3733 1390 3763 non
1422 3725 1482 3762 est
1509 3720 1633 3766 πόλις
1664 3721 1735 3762 sed
1765 3718 1917 3774 κώμη.
