2612 4412
1163 349 1227 398 23

224 551 230 555 s
284 503 497 557 Constat
543 504 593 554 in
629 503 862 570 Aegypto
899 503 1156 568 vectigalia
1189 503 1369 570 partim
1407 504 1584 566 locari,
1633 504 1813 570 partim
1851 520 1882 555 a
1917 504 2176 569 magistra-

214 600 355 652 tibus
387 599 544 664 exigi,
582 614 716 665 quos
746 599 1074 665 pecuniarum
1103 601 1417 665 acceptarum
1449 600 1694 652 rationem
1725 599 1938 651 reddere
1962 602 2175 666 oportet.

216 695 366 758 Quae
399 711 430 747 a
465 694 838 761 magistratibus
872 694 1144 760 exiguntur
1177 695 1418 747 dicuntur
1450 695 1843 761 ὑποκειμένα
1885 699 1955 761 τῇ
1996 695 2175 761 χρείᾳ

218 791 391 858 (veluti
428 796 488 858 τῇ
523 791 887 858 ἕπιστρατηγίᾳ
923 792 1000 843 vel
1038 796 1099 858 τῇ
1134 791 1665 858 κωμογραμματείᾳ).
1729 792 1829 843 Iam
1867 791 2174 854 Wilckenio,

214 904 332 942 cum
384 888 670 943 „Ostraka”
717 903 809 940 sua
852 887 1115 951 scriberet,
1163 888 1262 940 hoc
1308 888 1590 939 instituium
1638 890 1815 938 notum
1864 890 1967 938 erat
2008 901 2176 938 exem-

216 987 401 1054 plaque
433 986 618 1049 attulit,
653 1001 785 1051 quae
818 1000 940 1036 vero
974 984 1038 1035 ad
1074 987 1281 1036 aetatem
1314 984 1595 1040 Romanam
1626 985 1819 1035 tantum
1850 983 2101 1049 pertinent
2117 984 2175 1047 1).

214 1084 459 1146 Quorum
506 1083 614 1136 duo
658 1086 1060 1135 commemorant
1094 1082 1352 1148 vectigalia
1386 1082 1708 1147 ὕποκειμένα
1744 1086 1805 1148 τῇ
1841 1099 2175 1147 κωμογραμ-

215 1180 401 1246 ματείᾳ
435 1179 493 1245 2).
546 1180 814 1241 Quaenam
851 1183 1018 1230 autem
1055 1178 1315 1244 vectigalia
1350 1182 1471 1230 tunc
1505 1178 1575 1228 illi
1613 1177 1813 1228 muneri
1850 1176 2174 1241 ὑποκειμένα

215 1280 406 1339 esseni,
454 1291 622 1342 neque
657 1291 717 1327 ex
751 1276 811 1327 Β.
851 1276 915 1328 G.
956 1277 1019 1327 U.
1056 1276 1154 1326 337
1189 1291 1356 1341 neque
1392 1290 1454 1326 ex
1488 1275 1587 1326 902
1621 1277 1838 1341 apparet.

283 1372 384 1425 Sed
428 1387 567 1424 anno
619 1373 745 1424 1899
791 1371 999 1423 deerant
1032 1372 1285 1438 exempla,
1335 1371 1744 1423 Ptolemaeorum
1779 1373 1935 1422 aetate
1969 1370 2175 1435 scripta;

215 1469 355 1522 unde
400 1469 712 1520 Wilckenius
759 1469 1041 1520 institutum
1089 1469 1171 1519 illa
1216 1471 1371 1520 aetate
1418 1467 1652 1520 nondum
1697 1467 1915 1519 extitisse
1949 1466 2175 1531 collegit:

211 1568 357 1622 »Far
400 1567 513 1625 eine
561 1567 812 1632 derartige
870 1567 1159 1631 Ver-teilung
1207 1567 1298 1617 der
1345 1566 1555 1618 Steuem
1608 1568 1757 1616 anter
1801 1565 1900 1616 das
1950 1564 2181 1629 regulc'z‘re

217 1663 700 1730 Beamtenpetsonal
729 1664 872 1728 liegt,
912 1664 1000 1715 wie
1031 1663 1272 1727 hemerkt,
1308 1679 1407 1715 aus
1436 1663 1529 1714 der
1550 1663 1965 1715 Ptolemdeerzeit
1989 1663 2178 1713 meines

225 1759 452 1811 thssens
494 1759 610 1810 kein
657 1759 814 1824 Beleg
858 1773 955 1810 vor.
1007 1760 1081 1810 Es
1125 1760 1199 1810 ist
1240 1760 1341 1810 mir
1379 1759 1510 1810 auch
1551 1759 1673 1810 sehr
1689 1758 1917 1825 fragliclt
1930 1800 1941 1822 ,
1990 1759 2054 1809 ob
2092 1759 2181 1809 wir

200 1857 304 1924 siit·
316 1857 442 1923 jene
471 1857 591 1908 Zeit
621 1857 760 1909 diese
791 1857 1135 1922 Einriclztung
1162 1858 1474 1923 supponiren
1509 1858 1672 1909 sollen
1706 1857 1794 1922 3).”

284 1954 470 2007 Iniuria
515 1958 570 2006 ut
614 1970 676 2008 ex
722 1958 894 2007 nostra
933 1968 1127 2021 papyro
1163 1957 1390 2021 apparet,
1439 1953 1577 2006 unde
1613 1955 1711 2005 iam
1751 1955 1788 2005 ΙΙ
1825 1957 1939 2006 ante
1974 1953 2032 2006 C.
2070 1969 2175 2006 sae-

213 2051 333 2105 culo
378 2052 629 2118 quaedam
682 2051 940 2117 vectigalia
985 2051 1142 2104 fuisse
1188 2051 1511 2116 ὖποκειμένα
1567 2056 1629 2118 τῇ
1681 2051 2176 2118 κωμογραμματείᾳ

213 2149 390 2203 elucet.
472 2149 532 2201 Et
594 2148 803 2200 feliciter
854 2147 1034 2200 accidit
1085 2151 1140 2199 ut
1191 2163 1441 2214 quaenam
1498 2147 1687 2199 fuerint
1739 2147 2062 2212 ὕποκειμένα
2115 2152 2178 2213 τῇ

215 2245 735 2312 κωμογραμματέως
769 2245 927 2311 χρείᾳ
954 2259 1340 2310 cognoscamus.
1408 2244 1647 2310 Legimus
1699 2245 1835 2295 enim
1871 2244 2001 2309 Pap.
2047 2243 2175 2294 Tebt.

217 2341 261 2405 1,
298 2341 386 2404 89,
431 2343 449 2394 1
492 2356 629 2408 sqq.:

271 2437 520 2507 Ἔ[του]ς
556 2438 612 2497 ὃ,
648 2437 794 2504 παρὰ
830 2437 1129 2504 ΝΙεγχείους
1163 2439 1683 2504 κωμογραμματέως
1700 2436 2175 2505 Κ[ερ]κεοσίρεως.

214 2686 266 2739 (e.
297 2698 338 2739 g.
369 2686 419 2728 P.
456 2686 567 2728 Tebt.
610 2687 649 2737 1,
681 2687 753 2736 88,
784 2687 847 2737 9),
888 2689 1100 2738 praeterea
1130 2685 1239 2737 Pap.
1278 2685 1388 2726 Tebt.
1423 2686 1462 2735 1,
1495 2687 1544 2726 93
1558 2710 1588 2713 —-
1599 2687 1650 2726 98
1680 2686 1856 2727 tabellae
1884 2685 2173 2737 vectigalium,

213 2759 253 2807 a>
281 2769 668 2819 κωμογραμματεῒ
704 2765 941 2815 confectae,
992 2764 1116 2806 nobis
1158 2766 1424 2805 conservatae
1469 2764 1573 2813 sint,
1626 2765 1752 2805 verba
1804 2762 2057 2818 διαγραφῆς
2099 2778 2175 2816 μοι

212 2839 493 2897 ἐπικειμένης
530 2845 620 2884 τῶν
658 2835 967 2895 ὑποκειμένων
1006 2845 1076 2896 τῆι
1113 2840 1257 2897 χρείαι
1295 2839 1543 2895 βασιλικῶν
1584 2842 1640 2882 ita
1680 2843 1911 2893 intelligere
1950 2842 2091 2883 malim
2132 2844 2177 2882 ut

214 2918 629 2976 κωμογραμματεύς
669 2921 780 2962 dicat
819 2932 863 2962 se
901 2923 1151 2972 occupatum
1192 2932 1281 2961 esse
1311 2920 1352 2960 in
1384 2919 1547 2960 tabellis
1577 2920 1871 2970 conficiendis,
1913 2931 2020 2972 quae
2048 2920 2175 2960 vecti·

214 2999 373 3051 galium
425 2999 647 3041 relationes
700 3000 953 3040 contineant.
1005 2999 1134 3048 Quod
1173 2999 1206 3039 si
1247 2999 1304 3039 ita
1347 2999 1430 3045 est,
1486 2999 1611 3039 verba
1656 3010 1826 3050 quoque
1867 2995 1944 3038 καὶ
1986 2996 2175 3050 πυρίνου

213 3079 431 3130 μερισμοῦ
475 3077 664 3118 dilucida
706 3077 837 3123 fiunt:
884 3077 1091 3118 vocabulo
1135 3078 1245 3118 enim
1287 3075 1498 3128 μερισμός
1545 3076 1653 3117 idem
1696 3077 1859 3118 valente
1897 3088 1945 3117 ac
1985 3076 2174 3116 Latinum

221 3154 508 3203 „distributio”
538 3155 745 3196 editorum
786 3155 1069 3206 interpretatio
1106 3156 1239 3206 („and
1264 3155 1287 3195 l
1312 3154 1421 3196 lzave
1446 3154 1695 3206 mapending
1719 3155 1789 3195 tlte
1809 3156 2012 3207 paymeat
2038 3154 2092 3206 os
2111 3155 2181 3194 tlte

217 3231 348 3283 taxes)
386 3232 479 3273 and
519 3233 638 3273 items
679 3233 733 3283 of
763 3233 832 3272 tlze
867 3233 1098 3274 corndues''
1146 3234 1284 3275 minus
1322 3234 1533 3275 satisfacit.
1592 3229 2015 3286 Κωμογραμματεύς
2055 3243 2178 3283 agere

215 3309 379 3351 videtur
421 3310 473 3351 de
515 3310 810 3351 distributione
855 3312 1048 3362 seminis,
1097 3311 1213 3362 quod
1255 3313 1483 3363 quotannis
1523 3312 1694 3353 nomine
1737 3311 1848 3362 regis
1892 3310 1946 3352 ab
1989 3321 2039 3350 eo
2079 3321 2177 3351 suae

215 3383 378 3441 κώμης
416 3388 612 3439 agricolis
650 3391 796 3429 mutuo
837 3389 982 3438 datur;
1024 3389 1076 3430 cf.
1107 3389 1157 3430 Β.
1189 3389 1243 3433 Ο.
1274 3390 1325 3431 U.
1357 3392 1408 3431 20
1439 3391 1479 3431 et
1509 3391 1607 3439 512,
1649 3389 1719 3430 ubi
1760 3386 2175 3441 κωμογραμματεῖς

216 3467 377 3517 praeest
404 3479 438 3517 μ
453 3468 685 3518 ερισμῶι
715 3463 993 3519 σπερμάτων.

272 3541 308 3594 1)
367 3542 420 3585 Ο.
454 3541 507 3584 Ο.
539 3554 580 3595 p.
611 3544 805 3586 596428.

273 3618 308 3672 2)
365 3620 416 3662 B.
450 3619 503 3663 G.
539 3620 591 3663 U.
621 3622 698 3663 337
729 3624 768 3662 et
795 3623 887 3663 002.

272 3697 308 3749 3)
368 3697 420 3739 Ο.
455 3697 506 3740 Ο.
539 3710 579 3750 p.
612 3700 700 3740 598.
