2612 4412
1160 377 1221 425 53

140 578 146 585 .
211 534 278 586 de
323 532 515 584 damno
562 531 713 583 bonis
761 529 986 596 petitoris
1031 529 1204 591 allato,
1254 544 1538 593 omnesque
1585 530 1918 580 terminantur
1964 531 2042 581 his
2088 534 2172 581 aut

210 628 464 690 similibus
515 627 709 679 verbis:
765 625 846 677 διὸ
900 624 1184 690 ἐπιδίδωμί
1226 644 1307 676 σοι
1356 627 1441 689 (sc.
1490 628 1972 691 κωμογραμματεῖ)
2022 627 2173 684 ὅπως

209 724 330 792 περὶ
362 724 601 776 ἑκάστων
635 722 957 789 ὑπογραφὴν
992 722 1207 788 ποιήσηι
1241 722 1649 787 προσυποτάξας
1684 722 1773 772 καὶ
1808 727 1898 773 τοῦ
1934 724 2170 789 ὑπομνή-

212 821 420 890 (ματος)
457 820 778 887 ἀντίγραφον
815 818 890 875 οἷς
924 818 1178 884 καθήκει,
1217 819 1298 868 ἵνα
1334 818 1438 868 κτλ.
1454 819 1511 882 1).

204 954 206 957 ψ
275 915 516 982 Sequitur
549 930 703 981 quem
741 914 792 965 in
831 913 1045 965 modum
1082 913 1266 979 petitor
1301 929 1407 964 rem
1445 913 1655 964 iudicari
1694 913 1883 979 cupiat,
1929 915 2079 965 veluti
2118 915 2169 964 in

208 1011 383 1064 libello
428 1011 516 1077 qui
564 1012 667 1076 agit
700 1010 765 1061 de
801 1009 1082 1076 irruptione
1118 1010 1169 1060 in
1206 1009 1463 1075 quandam
1501 1010 1717 1061 domum
1755 1010 1881 1061 facta
1916 1011 2171 1076 rebusque

206 1108 344 1162 furto
380 1108 500 1160 inde
533 1107 799 1160 subductis
836 1107 984 1173 (Pap.
1030 1106 1158 1158 Tebt.
1198 1108 1239 1170 Ι,
1277 1107 1362 1172 45)
1401 1107 1584 1171 legitur
1617 1107 1712 1158 sie:
1755 1108 1836 1157 ἵνα
1873 1111 1978 1158 τῶν
2014 1108 2169 1173 ἔγκα-

206 1205 486 1272 λουμένων
514 1205 951 1257 κατασταθέντων
981 1204 1088 1271 ἐγὼ
1120 1204 1217 1268 μὲν
1247 1204 1555 1270 κομίσωμαι
1586 1203 1644 1254 τὰ
1675 1205 1905 1269 ἐμαυτοῦ
1937 1203 2083 1254 αὐτοὶ
2116 1203 2172 1254 δὲ

209 1301 296 1368 (sc.
329 1301 624 1367 adversarii)
661 1301 858 1368 τύχωσι
892 1305 982 1367 τῆς
1017 1300 1359 1367 ἁρμοζούσης
1395 1300 1735 1367 ἒπιπλήξεως.

273 1396 374 1450 Sed
416 1397 513 1450 hos
548 1397 748 1449 libellos
783 1413 893 1449 esse
932 1398 1214 1462 „Beispiele
1233 1397 1334 1463 fiir
1363 1397 1448 1447 die
1481 1398 1906 1462 Sonderstellang
1937 1397 2028 1448 der
2058 1397 2170 1448 Pri-

208 1495 518 1562 vilegierten”
537 1496 606 1560 2),
655 1495 779 1546 mihi
818 1511 923 1547 non
961 1512 1259 1562 persuasum
1297 1499 1394 1547 est:
1446 1511 1562 1546 nam
1600 1495 1781 1547 eodem
1820 1495 1979 1547 modo
2014 1495 2170 1561 Apol-

207 1590 447 1655 lodoruS,
483 1591 582 1644 olei
620 1592 905 1658 monopolii
942 1592 1223 1645 conductor
1258 1593 1310 1643 in
1347 1593 1460 1644 vico
1486 1592 1837 1644 Cerceosiride
1862 1592 2062 1644 libellos
2087 1592 2172 1643 dat

204 1692 687 1755 κωμογραμματεῖ,
742 1687 913 1740 oleum
968 1688 1019 1738 in
1067 1689 1235 1740 vicum
1285 1688 1411 1740 clam
1460 1689 1786 1755 importatum
1836 1704 2024 1753 magno
2072 1689 2169 1740 sibi

203 1784 397 1838 damno
430 1785 589 1837 fuisse
622 1787 900 1852 questus3).

271 1880 374 1934 Sed
420 1881 569 1934 etiam
616 1882 887 1949 ἐπιστάτης
931 1883 1125 1950 κώμης
1175 1884 1385 1935 Polemo
1421 1884 1662 1950 filiusque
1700 1885 2031 1947 PetesuchOS,
2081 1884 2169 1950 qui

205 1976 350 2030 nullo
385 1992 598 2030 munere
628 1978 882 2044 fungitur,
918 1980 983 2030 ad
1008 1981 1484 2046 κωμογραμματέα
1508 1982 1890 2047 προσαγγελίας
1915 1981 2168 2043 deferunt,

204 2073 349 2141 quod
382 2074 535 2126 aedes
569 2090 687 2127 suas
721 2075 828 2127 duo
866 2075 959 2127 vici
998 2076 1191 2128 incolae
1228 2078 1571 2143 irruperint4).

261 2308 296 2360 1)
352 2308 462 2360 Pap.
498 2309 608 2350 Tebt.
642 2310 681 2359 1,
711 2312 785 2360 45,
816 2312 867 2350 27
896 2323 988 2362 sqq.

257 2385 295 2438 2)
353 2386 454 2428 Paul
482 2387 624 2440 Meyer
659 2411 692 2416 —-
730 2388 827 2433 Klio
856 2389 932 2429 V11
972 2401 1013 2440 p.
1043 2391 1115 2430 291
1162 2391 1204 2430 in
1236 2391 1319 2431 ima
1348 2393 1464 2441 parte
1502 2414 1565 2440 -—,
1609 2392 1680 2441 qui
1709 2389 1968 2445 βασιλικούς
1999 2403 2169 2442 quoque

202 2461 426 2518 γεωργούς
450 2464 659 2506 iudicibus
673 2466 895 2507 ordinariis
910 2470 1124 2518 exemptos
1138 2468 1267 2508 fuisse
1282 2468 1424 2508 credit.
1442 2468 1510 2520 (cf.
1528 2469 1624 2514 Klio
1639 2469 1693 2509 VI
1713 2481 1754 2520 p.
1771 2470 1875 2516 465).
1894 2469 1974 2509 Sed
1991 2469 2042 2510 cf.
2062 2469 2168 2510 infra

204 2542 349 2583 annot.
377 2543 416 2583 4.

258 2619 294 2672 3)
349 2620 458 2672 Pap.
495 2621 604 2662 Tebt.
638 2622 678 2671 Ι,
707 2623 781 2672 38,
818 2624 865 2663 10
895 2635 994 2675 sqq;
1025 2625 1100 2673 39;
1131 2624 1183 2664 cf.
1220 2627 1292 2665 125
1323 2629 1362 2665 et
1396 2627 1480 2666 157.

257 2697 294 2749 4)
348 2698 458 2751 Pap.
494 2699 605 2742 Tebt.
638 2700 676 2750 1,
711 2702 757 2741 15
774 2703 813 2741 et
831 2702 891 2742 16.
922 2702 978 2742 N.
1004 2704 1050 2743 15
1079 2699 1308 2744 ἐπιστάτου
1337 2701 1628 2757 προσαγγελία
1658 2705 1974 2744 commemorari
2006 2705 2168 2745 videtur

203 2777 246 2819 in
275 2778 413 2819 verbis
441 2778 674 2830 depravatis
702 2779 781 2830 (vv.
812 2780 1006 2831 25-36);
1048 2793 1089 2822 n.
1124 2782 1171 2822 16
1200 2780 1615 2835 κωμογραμματεύς
1645 2782 1746 2823 dicit
1777 2782 2050 2823 Petesuchum
2080 2794 2166 2823 rem

200 2855 256 2897 ad
294 2866 340 2897 se
376 2855 594 2898 detulisse:
651 2888 688 2897 ..
710 2888 718 2897 .
754 2854 879 2911 [περὶ
919 2855 985 2899 ὧν
1022 2855 1276 2913 ἐπέδωκεν]
1316 2857 1342 2899 0‘
1379 2858 1660 2913 Πετεσοῦχος
1699 2858 1805 2914 τὴ[ν
1847 2858 2165 2915 ὖποκειμὲνην]

199 2931 553 2988 προσαγγελίίαν)
591 2935 672 2988 (vv.
717 2936 898 2987 19—21).
948 2960 979 2964 —-
1030 2937 1143 2978 Nolo
1184 2938 1358 2989 intelligi
1398 2935 1656 2992 βασιλικοὺς
1689 2936 1911 2992 γεωργούς
1952 2939 2167 2990 privilegia

201 3010 377 3053 omnino
405 3023 491 3053 non
520 3012 728 3054 habuisse.
763 3014 842 3055 Eos
871 3014 1065 3056 habuisse
1095 3017 1194 3056 satis
1223 3019 1394 3067 apparet
1416 3028 1463 3056 ex
1485 3016 1533 3056 Ρ.
1551 3016 1599 3056 Ρ.
1627 3016 1706 3065 ΙΙΙ,
1737 3018 1783 3056 31
1810 3017 1929 3057 cuius
1950 3018 2166 3068 inscriptio

201 3091 284 3131 est:
323 3086 518 3145 ’Ayaoldc
557 3095 804 3146 στρατηγῶι
843 3090 919 3134 καὶ
960 3091 1174 3147 ἷππάρχηι
1213 3091 1333 3148 παρὰ
1375 3091 1586 3139 Σένθεως
1617 3099 1693 3136 τοῦ
1723 3092 1805 3148 Σ[.
1828 3126 1835 3134 .
1858 3126 1866 3135 .
1889 3126 1896 3135 .
1917 3094 2010 3149 ,sov
2039 3094 2163 3150 βασι-

200 3164 330 3210 λικοῦ
366 3171 566 3223 γεωργοῦ
605 3166 682 3211 καὶ
721 3169 1153 3225 κωμογραμματέως
1188 3171 1350 3227 κώμης
1381 3171 1714 3227 Λυσιμαχι’δὸς;
1748 3174 1884 3225 primo
1917 3175 2043 3224 igitur
2072 3174 2165 3215 loco

201 3257 246 3288 se
271 3243 504 3302 βασιλικὸν
531 3247 727 3303 γεωργόν
755 3250 938 3301 appellat
966 3251 1034 3303 (cf.
1067 3251 1275 3300 Wilcken,
1306 3251 1460 3292 Archiv
1490 3253 1544 3292 111
1577 3264 1616 3303 p.
1649 3253 1753 3303 516).

257 3322 326 3366 cf.
355 3326 566 3377 praeterea
594 3325 703 3378 Pap.
734 3327 921 3373 Reinaclz
953 3330 1023 3379 18,
1054 3329 1126 3370 ubi
1159 3332 1363 3381 strategus
1390 3327 1623 3384 βασιλικοῦ
1654 3334 1853 3384 γεωργοῦ
1885 3332 2078 3382 precibus
2107 3333 2164 3372 sic

202 3402 446 3454 respondet:
486 3400 562 3458 ell'
580 3401 696 3460 ἕσ]τι
724 3403 953 3459 βασιλικὸς
981 3406 1196 3461 γεωργός,
1234 3406 1541 3462 προνοηθῆναι
1571 3406 1664 3449 κτλ.
1695 3412 1735 3450 et
1765 3409 1871 3460 Pap.
1904 3409 2013 3450 Tebt.
2048 3410 2085 3458 Ι,
2118 3414 2163 3458 5,

201 3480 400 3532 20⁷sqq.,
427 3481 499 3523 ubi
523 3479 746 3536 βασιλικοὶ
770 3483 963 3538 γεωργοί
984 3485 1091 3526 inter
1114 3497 1186 3527 eos
1212 3487 1493 3535 nominantur,
1521 3487 1593 3538 qui
1617 3487 1893 3528 iurisdictioni
1914 3485 2163 3541 λαοκριτῶν

202 3557 376 3600 subiecti
403 3569 488 3600 non
513 3561 622 3601 sunt.
653 3560 738 3612 (Sic
758 3562 1079 3613 interpretantur
1093 3563 1272 3605 editores
1292 3567 1332 3605 et
1355 3565 1538 3615 Leopold
1556 3565 1746 3615 wenger,
1769 3564 1924 3605 Archiv
1942 3565 1975 3605 11
1999 3577 2039 3616 p.
2056 3566 2161 3616 494).

258 3636 340 3679 Sed
367 3635 626 3692 βασιλικοὺς
655 3638 877 3695 γεωργούς
909 3642 1118 3683 iudicibus
1147 3643 1369 3684 ordinariis
1398 3645 1610 3694 exemptos
1640 3643 1767 3683 fuisse
1798 3654 1931 3694 neque
1950 3643 2001 3683 111
2029 3655 2163 3694 neque

204 3714 238 3756 ΙΙ
271 3716 367 3758 ante
395 3715 445 3758 C.
477 3717 627 3758 saeculi
660 3718 803 3771 papyri
835 3719 998 3760 docent.
