2612 4412
1343 393 1408 441 40

398 546 585 607 agunt,
651 559 816 609 neque
880 546 1398 610 κωμογραμματέως
1461 560 1627 609 neque
1689 544 1903 595 aliorum
1969 546 2352 611 magistratuum

397 639 767 692 aestimationes
801 644 1280 692 commemorantur.

467 734 598 785 Inter
632 735 972 801 magistratus,
1020 737 1107 802 qui
1145 736 1379 788 locationi
1414 736 1621 799 adsunt,
1670 736 2169 802 κωμογραμματεύς
2203 753 2357 805 saepe

397 830 652 881 invenitur
684 833 741 896 1).

467 1002 818 1068 Quaecunque
865 1002 930 1053 de
975 1018 1093 1054 cura
1138 1018 1377 1067 agrorum
1424 1002 1778 1068 exposuimus,
1826 1001 1888 1052 ad
1928 1002 1965 1052 II
2003 1005 2116 1053 ante
2151 1001 2210 1053 C.
2247 1017 2355 1055 sae-

399 1099 569 1149 culum
617 1102 808 1150 tantum
857 1099 1129 1165 pertinent,
1178 1114 1294 1150 cum
1342 1098 1570 1150 fontibus
1617 1098 1971 1149 deficientibus
2018 1097 2083 1149 de
2130 1099 2190 1148 111
2238 1100 2358 1150 ante

399 1194 457 1245 C.
509 1195 711 1246 saeculo
760 1210 937 1261 parum
986 1198 1190 1246 constet.
1245 1195 1390 1245 Tunc
1435 1194 1642 1259 quidem
1691 1210 1809 1245 cura
1855 1197 2012 1244 terrae
2058 1193 2358 1246 comarchae

399 1290 634 1356 imposita
679 1294 782 1341 erat
826 1291 915 1341 sed
963 1306 1071 1341 eam
1122 1305 1225 1341 non
1271 1305 1481 1355 prorsus
1514 1290 1727 1341 alienam
1765 1290 1921 1341 fuisse
1955 1305 1984 1340 a
2018 1307 2355 1356 κωμογραμ-

396 1392 568 1452 ματεῖ,
606 1403 666 1438 ex
694 1387 904 1452 epistola
930 1389 1246 1453 magistratus
1273 1387 1536 1439 cuiusdam
1563 1385 1822 1438 Theodori
1851 1386 2033 1448 elucet,
2070 1385 2134 1436 ad
2160 1382 2357 1452 κώμης

398 1483 532 1535 Talis
579 1483 850 1549 phylacitas
896 1483 1032 1546 data,
1092 1484 1179 1548 qui
1228 1483 1492 1549 praedium
1539 1481 1801 1548 quoddam
1848 1481 2118 1532 adiuvante
2163 1499 2354 1548 κωμο-

399 1584 698 1645 γραμματεῖ
715 1580 877 1630 metiri
903 1579 1162 1630 iubentur:
1187 1578 1581 1644 παραλαβόντες
1606 1576 1701 1629 οὖν
1721 1577 1810 1628 τὸν
1829 1577 2354 1644 κωμογρ(αμματέα)

396 1676 802 1742 περιμετρήσατε
836 1675 999 1726 αὖτῶι
1010 1675 1068 1740 2).

423 1846 469 1910 f.
539 1845 911 1911 Appendix,
959 1861 1158 1911 agens
1205 1846 1280 1897 de
1326 1845 1718 1911 quaestione
1764 1859 1838 1896 an
1887 1844 2078 1895 etiam
2126 1862 2320 1899 τοῦτο·

659 1941 1097 2007 γραμματεύς
1143 1946 1202 1992 et
1246 1941 1602 2006 βασιλικὸς
1649 1940 2087 2007 γραμματεύς

940 2038 1389 2104 καταγραφήν
1436 2038 1806 2089 habuerint.

465 2171 582 2223 Hoc
616 2171 730 2222 loco
767 2185 871 2222 non
907 2171 1128 2222 alienum
1165 2170 1364 2222 videtur
1397 2186 1546 2236 agere
1581 2171 1646 2223 de
1680 2171 1774 2222 hac
1796 2170 2092 2237 quaestione
2114 2184 2178 2220 an
2204 2169 2353 2221 etiam

395 2266 869 2333 τοπογραμματεύς
932 2270 978 2318 et
1039 2265 1307 2331 βασιλικὸς
1372 2266 1710 2333 γραμματεύς
1761 2266 2087 2333 praediorum
2141 2279 2355 2317 censum

395 2361 686 2428 habuerint}

962 2494 1009 2525 α.
1083 2475 1172 2526 De
1219 2478 1789 2541 τοπογραμματεῖ.

462 2618 626 2682 Negat
672 2616 982 2668 Wilckenius
1027 2618 1472 2683 τοπογραμματέα
1509 2617 1747 2668 habuisse
1781 2615 2155 2683 καταγραφήν,
2198 2629 2355 2682 prop-

394 2716 527 2763 terea
573 2713 716 2778 quod
764 2714 816 2764 in
864 2715 1093 2780 papyriS,
1146 2729 1273 2780 quas
1320 2714 1428 2780 ipse
1476 2713 1862 2767 „Actenstiicke”
1909 2712 2145 2787 appellat,
2194 2731 2352 2764 τοπο-

396 2809 759 2875 γραμματεύς,
806 2810 893 2875 qui
936 2810 1139 2862 iubetur
1173 2810 1358 2861 referre
1393 2809 1457 2861 de
1492 2809 1702 2876 praedio
1736 2809 1962 2874 quodam
1998 2806 2215 2860 locando
2249 2805 2357 2858 adit

394 2906 867 2971 κωμογραμματέα
880 2907 938 2970 3).

450 3107 485 3158 1)
544 3107 610 3148 Cf.
642 3107 915 3147 Actenstiicke
943 3108 983 3157 1,
1018 3110 1059 3147 11
1095 3119 1214 3159 sqq.;
1250 3109 1308 3157 11,
1344 3110 1390 3152 14
1420 3120 1535 3159 sqq.;
1566 3108 1617 3148 B.
1649 3108 1701 3148 G.
1735 3108 1786 3149 U.
1817 3109 1907 3148 992.

449 3185 484 3236 2)
541 3185 650 3237 Pap.
681 3185 823 3226 Hibelz
852 3187 925 3236 75,
956 3187 1111 3237 scripta
1139 3197 1250 3226 anno
1281 3188 1375 3226 ante
1405 3186 1454 3226 C.
1485 3185 1615 3238 232s1.

451 3263 488 3314 3)
549 3263 602 3303 G.
637 3263 688 3304 O.
720 3275 761 3314 p.
792 3264 870 3303 486
900 3266 1042 3304 annot.
1078 3266 1119 3303 l:

454 3372 470 3389 „
483 3342 611 3382 Wetm
651 3342 787 3392 einige
818 3342 931 3393 Tage
956 3342 1125 3395 darauf
1142 3342 1219 3382 der
1238 3342 1617 3382 Bezt'rkssclzrelber
1641 3342 1690 3392 [ι’.
1720 3353 1752 3381 e.
1784 3337 2194 3394 τοπογραμματεύς]
2222 3339 2349 3380 ποι-ὴ·

394 3420 505 3459 mals
533 3419 824 3471 ausgegfordert
851 3420 955 3459 wird
970 3451 979 3469 ,
1020 3420 1089 3460 die
1114 3420 1365 3471 Richtigkeit
1397 3420 1475 3460 der
1507 3419 1717 3470 Angaben
1744 3431 1800 3459 zu
1830 3419 2058 3470 bestdtzggen
2087 3418 2179 3458 und
2204 3417 2358 3459 Masse

395 3498 487 3537 und
523 3497 759 3538 Nachbam
797 3498 874 3537 der
910 3497 1207 3538 Grandstis'cke
1242 3497 1511 3549 beizufi‘t'gen,
1551 3509 1600 3537 so
1639 3497 1799 3538 1n5clzte
1834 3497 1900 3537 iclz
1937 3497 2101 3537 dat-aus
2128 3496 2245 3536 nicht
2258 3495 2349 3547 fol-

389 3588 517 3625 gem,
564 3576 667 3615 dass
706 3576 782 3616 der
816 3557 1206 3615 Bezirkssclzreiber'
1232 3575 1338 3615 noch
1380 3576 1526 3616 wieder
1564 3576 1629 3615 ein
1669 3575 1913 3615 besonderes
1950 3574 2150 3620 Kataster
2179 3573 2354 3625 geffihrt

394 3653 526 3702 nabe,
567 3653 679 3693 dentz
717 3654 838 3693 datm
877 3653 994 3693 lzcitte
1033 3665 1080 3693 er
1118 3653 1188 3693 dle
1224 3654 1374 3694 erstere
1408 3653 1630 3705 Auskunft
1664 3654 1781 3694 nicht
1817 3664 1875 3693 an
1913 3653 1994 3693 den
2033 3651 2357 3704 Domchreiber
2411 3666 2414 3669 ⁴

393 3731 722 3781 abgesclzoben.”
