2612 4412
1331 371 1394 420 76

455 524 631 574 Errant
677 523 892 575 editores
928 525 1056 589 Pap.
1092 524 1264 575 Hibelz
1301 539 1359 575 ex
1397 524 1476 576 his
1512 524 1713 590 papyris
1749 523 2065 588 colligentes:
2117 528 2205 577 „at
2235 525 2342 577 tlzis

379 618 564 682 period
608 619 693 683 (sc.
742 618 914 670 medio
964 619 1024 669 111
1072 622 1185 670 ante
1233 618 1291 670 C.
1340 621 1486 684 saec.)
1535 619 1778 684 therefore
1811 619 1895 669 tlze
1929 618 2340 687 ἄρχιφυλακίτης

384 713 550 777 might
580 712 641 763 be
673 713 822 763 maclz
856 728 992 764 more
1024 714 1150 764 than
1187 730 1221 764 a
1255 729 1385 765 mere
1421 715 1603 779 village
1635 715 1853 781 official,
1893 715 2049 766 wlziclz
2084 715 2149 766 lze
2178 731 2340 768 some-

385 810 530 859 times
574 809 812 874 certainly
848 825 950 860 was
985 810 1039 860 in
1075 810 1160 860 the
1190 811 1380 861 second
1410 813 1610 876 century
1643 810 1702 860 Β.
1742 809 1799 860 C.
1814 810 1871 874 1).
1919 809 2019 861 Sed
2056 809 2151 861 hac
2183 813 2339 862 aetate

384 904 804 970 distinguendum
858 909 931 956 est
976 904 1105 955 inter
1157 905 1568 971 ἄρχιφυλακίτην
1620 905 1783 955 τόπου
1832 908 1879 955 et
1925 904 2343 973 ἀρχιφυλακίτην

383 1001 644 1067 κώμηςῖ).

453 1097 696 1149 Potestate
741 1114 770 1148 a
815 1102 1031 1163 stratego
1078 1098 1311 1149 mandata
1350 1098 1750 1164 archiphylacitis
1788 1097 2152 1163 phylacitisque
2187 1096 2343 1150 totius

384 1193 525 1244 nomi
578 1198 773 1260 praeest
825 1194 854 1244 ὁ
907 1194 1177 1260 ἐπιστάτης
1228 1197 1334 1245 τῶν
1381 1194 1686 1260 φυλακιτῶν
1733 1198 1823 1244 τοῦ
1861 1234 1870 1243 .
1910 1234 1919 1243 .
1958 1234 1967 1243 .
2005 1197 2202 1259 νομοῦ,
2249 1192 2337 1259 qui

383 1290 685 1355 plerumque
721 1290 990 1355 ἐπιστάτης
1024 1294 1130 1341 τῶν
1165 1289 1470 1356 φυλακιτῶν
1506 1290 1722 1341 breviter
1756 1289 2103 1356 appellatur3).

453 1388 524 1438 Ut
559 1401 747 1437 nomus
776 1386 1030 1437 Arsinoita
1064 1385 1514 1436 administrationis
1550 1401 1698 1437 causa
1733 1387 1784 1436 in
1821 1389 1918 1436 tres
1954 1388 2117 1450 partes
2145 1383 2343 1436 divisus

383 1485 508 1545 erat,
562 1483 627 1532 ita
677 1482 950 1533 securitatis
1003 1481 1234 1546 publicae
1286 1496 1435 1532 causa
1488 1481 1538 1531 in
1593 1485 1756 1546 partes
1808 1484 2070 1547 quattuor,
2120 1477 2343 1546 μερίδας

377 1577 751 1643 “Ηρακλείὸου,
807 1577 1088 1643 Θεμίστου,
1127 1576 1483 1642 Πολέμωνος,
1519 1581 1609 1643 τῆς
1643 1580 1838 1642 μικρᾶς
1872 1576 2082 1643 λίμνης,
2119 1589 2337 1641 quarum

382 1674 565 1739 cuique
583 1677 778 1739 praeest
796 1673 1083 1740 φυλακίτης
1095 1712 1107 1732 ,
1133 1673 1222 1739 qui
1241 1673 1541 1739 appellatur:
1569 1673 1857 1740 φυλακίτης
1875 1678 2014 1739 τῆς..
2032 1713 2041 1723 .
2055 1671 2340 1738 pagidos-4).

451 1770 706 1822 Universo
751 1785 909 1821 nomo
945 1769 1227 1821 Arsinoitae
1263 1773 1479 1835 praeest,
1529 1773 1583 1820 ut
1618 1770 1792 1820 ceteris
1829 1769 2021 1831 nornis,
2069 1767 2342 1834 ἐπιστάτης

381 1841 490 1915 τῶν
522 1864 896 1930 φυλακιτῶνὸ).

450 1960 596 2010 Forte
641 1959 819 2010 accidit
865 1963 920 2009 ut
965 1959 1030 2009 de
1076 1959 1257 2011 salario
1305 1960 1384 2011 his
1431 1960 1805 2025 magistratibus
1851 1961 1911 2011 Ill
1948 1975 2074 2012 saec.
2110 1958 2339 2025 praebito
2388 1941 2390 1944 ,

380 2056 615 2106 certiores
650 2055 858 2106 fiamus:
896 2055 1073 2121 accipit
1108 2055 1245 2106 enim
1281 2056 1568 2108 Arsinoitae
1604 2057 1746 2108 nomi
1783 2056 1989 2123 epistata
2023 2056 2075 2107 in
2106 2054 2342 2120 singulos

435 2310 470 2361 1)
526 2310 680 2350 Annot.
712 2311 765 2350 ad
795 2311 905 2361 Pap.
936 2310 1078 2350 Hibelz
1109 2311 1147 2359 Ι,
1178 2312 1253 2359 34,
1288 2312 1322 2350 l.

434 2388 469 2438 2)
529 2388 610 2428 Hic
653 2400 754 2428 voce
793 2385 953 2441 κώμης
993 2388 1136 2428 addita
1173 2389 1524 2428 commemoratur
1553 2389 1594 2427 in
1625 2388 1677 2429 P.
1708 2388 1760 2428 P.
1794 2388 1874 2437 ΙΙΙ,
1911 2388 1962 2428 28
1991 2387 2069 2439 (e),
2103 2387 2342 2429 Ptolemaeo

380 2467 646 2517 Philopatore
685 2468 884 2516 regnante
922 2466 1086 2516 scripta.
1130 2465 1319 2506 Editores
1357 2466 1527 2516 quidem
1567 2465 1674 2506 hanc
1702 2477 1908 2518 papyrum
1940 2465 2214 2516 Philadelpho
2242 2475 2343 2516 rege

379 2545 573 2595 scriptam
612 2555 701 2584 esse
734 2544 974 2594 perhibent,
1016 2544 1089 2585 sed
1120 2545 1201 2584 iam
1231 2545 1343 2595 Pap.
1373 2544 1587 2595 Magdola
1616 2546 1641 2584 5
1671 2545 1711 2584 et
1739 2546 1784 2583 21
1819 2555 1898 2584 nos
1926 2544 2158 2584 docuerunt
2185 2543 2344 2585 litteras

380 2622 615 2673 Diophanis
653 2623 822 2673 strategi
862 2625 902 2662 et
940 2622 1200 2663 Moschionis
1236 2623 1436 2673 epistatae
1465 2622 1750 2663 attribuendas
1778 2633 1867 2662 esse
1896 2621 2174 2673 Philopatoris
2202 2622 2339 2663 aetati.

379 2700 445 2740 Cf.
479 2700 579 2740 Paul
610 2701 771 2752 Meyer,
803 2701 899 2745 Klio
930 2700 983 2740 VI
1015 2712 1056 2750 p.
1087 2701 1187 2749 460,
1219 2702 1361 2740 annot.
1393 2703 1430 2740 5.

433 2778 467 2829 3)
526 2778 591 2818 Cf.
623 2779 734 2829 Pap.
772 2778 881 2818 Tebt.
916 2779 955 2827 Ι,
985 2780 1057 2827 43,
1090 2779 1135 2827 6;
1167 2779 1219 2819 P.
1252 2780 1304 2820 P.
1338 2778 1417 2827 111,
1453 2779 1547 2828 128,
1578 2780 1626 2827 2,
1662 2780 1730 2826 11;
1763 2777 2081 2828 Pap.Hc'belzl,
2105 2778 2156 2818 34
2171 2787 2233 2827 sq,
2260 2778 2338 2818 cet.

436 2857 590 2896 Iniuria
616 2857 847 2908 Jouguetus
877 2859 917 2897 et
943 2856 1180 2897 Lefebvrius
1209 2856 1473 2907 distinguunt
1502 2857 1608 2896 inter
1634 2853 1865 2908 ἐπιστάτην
1893 2858 1982 2896 τῶν
2011 2852 2270 2908 φυλακιτῶν
2299 2855 2342 2895 et

376 2931 607 2987 ἐπιστάτην
637 2937 713 2974 τοῦ
753 2937 892 2987 νομοῦ
923 2934 1050 2985 (Ball.
1081 2935 1123 2974 d.
1157 2934 1277 2975 Corr.
1309 2934 1402 2974 lzell.
1435 2934 1562 2974 XXVI
1593 2946 1635 2985 p.
1665 2934 1744 2984 97).

436 3012 520 3052 Iam
559 3014 673 3063 patet
712 3023 841 3052 unum
878 3013 1013 3052 virum
1044 3014 1268 3063 utrumque
1297 3023 1450 3052 munus
1477 3009 1706 3052 ἐπιστάτου
1737 3014 1826 3051 τῶν
1855 3009 2113 3064 φυλακιτῶν
2144 3013 2184 3051 et
2211 3007 2339 3064 ἀρχι-

378 3089 626 3143 φυλακίτου
656 3102 799 3141 gerere
828 3102 914 3131 non
944 3091 1142 3141 potuisse.
1174 3091 1317 3139 Quare
1347 3091 1629 3132 coniecturam
1658 3090 1865 3131 editorum
1880 3091 1992 3142 Pap.
2007 3089 2148 3130 Hibelz
2162 3089 2341 3140 probare

378 3181 463 3209 non
493 3181 686 3220 possum,
727 3170 799 3220 qui
829 3171 881 3210 P.
913 3171 965 3210 P.
999 3170 1078 3218 ΙΙΙ,
1113 3171 1187 3210 130
1225 3170 1281 3220 (p.
1312 3170 1406 3220 321)
1442 3170 1499 3210 ita
1528 3169 1752 3220 legendum
1782 3171 1970 3210 censent:
2010 3166 2189 3210 Νίκωνι
2217 3164 2337 3208 ε’πισ-

378 3244 499 3300 τάτηι
540 3245 801 3300 φυλακιτῶν
839 3245 917 3288 καὶ
956 3244 1343 3301 ἆρχι[φυλακίτηι.
1387 3247 1529 3288 Potius
1567 3247 1813 3288 crediderim
1842 3246 2065 3297 legendum
2095 3257 2183 3286 esse
2211 3242 2336 3299 ἇρχι·

377 3322 783 3377 [φυλακιτεύσαντι.

433 3402 468 3453 4)
525 3404 576 3443 Ρ.
608 3404 660 3444 Ρ.
695 3404 772 3453 ΙΙΙ,
808 3405 880 3444 128
910 3403 1022 3454 (Rev.
1055 3404 1166 3454 Pap.
1197 3403 1305 3454 App.
1339 3403 1398 3453 ΙΙ,
1427 3402 1482 3454 4).

432 3480 467 3531 5)
525 3481 592 3521 Cf.
624 3481 793 3521 ibidem.
819 3482 913 3522 Hoc
942 3481 1036 3521 loco
1066 3481 1313 3521 admoneam
1343 3481 1562 3521 lectionem
1587 3477 1876 3532 ‘HanZec'dm
1906 3481 1985 3519 τῶι
2015 3475 2062 3519 ἐν
2090 3481 2169 3519 τῶι
2193 3479 2338 3531 νομῶι

376 3555 543 3611 ἀρχιφυ
579 3559 622 3610 (i.
654 3570 688 3599 e.
720 3556 1082 3612 ἀρχιφυλακίτηι)
1112 3582 1145 3586 -
1174 3560 1226 3599 P.
1258 3559 1310 3599 P.
1345 3559 1403 3607 ΙΙ,
1432 3560 1506 3607 20,
1540 3558 1598 3608 ΙΙ,
1634 3559 1681 3598 10
1719 3558 1776 3608 (p.
1815 3557 1882 3608 62)
1920 3580 1952 3584 -
1991 3558 2099 3597 recte
2136 3557 2336 3597 mutatam

378 3647 465 3676 esse
505 3636 546 3675 in
581 3634 653 3676 eH.
696 3639 775 3676 τῶι
816 3633 862 3677 ἒν
901 3639 969 3689 τῆι
1000 3634 1168 3688 Ηραῷ
1198 3636 1240 3686 (i.
1272 3648 1306 3676 e.
1332 3632 1611 3688 “Ηρακλεόυς
1648 3632 1789 3686 πόλει)
1828 3631 1994 3688 ἀρχιφυ
2040 3618 2073 3661 ὲ
2110 3635 2163 3675 P.
2194 3634 2246 3676 P.
2278 3633 2335 3674 111

375 3716 427 3755 36
457 3714 516 3765 (h)
545 3714 601 3764 (p.
633 3713 711 3765 76).
