2612 4412
1385 395 1449 445 50

437 546 707 612 ἐπιστάτης
735 547 953 613 κώμης,
990 547 1425 614 ἀρχιφυλακίτης,
1461 549 1974 615 κωμογραμματεύς.
2015 550 2093 601 De
2118 551 2391 603 ἐπιστάτου

437 646 484 692 et
530 641 940 708 ἅρχιφυλακίτου
988 643 1287 694 muneribus
1331 647 1504 709 postea
1537 644 1890 695 disserendum
1927 648 2013 696 est.
2069 646 2168 697 Hic
2200 666 2391 712 κωμο-

438 738 791 802 γραμματέως
827 753 1060 801 munera,
1097 742 1346 803 quatenus
1378 738 1442 789 ad
1478 738 1794 805 disciplinam
1827 741 2080 806 publicam
2114 743 2391 807 pertinent,

436 838 754 898 exponantur
765 852 776 898 ;
813 848 1035 899 quorum
1071 838 1170 884 tres
1205 838 1324 885 sunt
1358 837 1545 900 partes:

502 945 548 980 a.
602 930 856 995 publicam
892 929 1204 981 securitatem
1242 933 1409 980 tuetur
1421 948 1433 994 ;

500 1026 546 1076 b.
599 1041 771 1078 causas
807 1025 1090 1077 iudiciarias
1125 1030 1383 1091 praeparat
1394 1044 1405 1089 ;

508 1137 545 1172 c.
615 1127 869 1188 tamquam
907 1122 1042 1187 pacis
1075 1122 1260 1173 arbiter
1292 1122 1406 1187 agit.

503 1218 583 1268 De
616 1218 778 1269 tribus
813 1217 1038 1284 partibus
1072 1217 1360 1282 singillatim
1398 1233 1621 1282 agamus.

499 1425 546 1460 a.
616 1408 1135 1476 Κωμογραμματεύς
1170 1414 1376 1461 eatenus
1411 1414 1603 1460 tantum
1639 1410 1954 1461 securitatem
1992 1410 2245 1475 publicam
2282 1415 2390 1465 tue—

431 1510 513 1555 tur
546 1505 687 1570 quod
726 1506 804 1556 ius
840 1506 1155 1557 coercitionis
1191 1506 1342 1556 habet
1378 1506 1428 1556 in
1467 1506 1604 1569 illos,
1642 1507 1730 1571 qui
1767 1506 2003 1557 delictum
2043 1507 2390 1572 committunt,

432 1617 537 1667 quo
574 1617 676 1664 reS,
714 1601 823 1652 eius
858 1617 1006 1652 curae
1042 1601 1329 1664 mandatae,
1368 1601 1648 1652 laeduntur.

498 1697 657 1759 Quod
693 1697 938 1763 exemplis
973 1697 1293 1748 illustremus,

496 1795 732 1847 Vidimus
777 1798 1241 1860 κωμογραμματεῖ
1280 1810 1451 1846 curam
1499 1809 1744 1860 aggerum
1791 1799 1836 1847 et
1884 1796 2136 1847 fossarum
2170 1796 2386 1849 delatam

430 1908 562 1943 esse:
600 1891 844 1942 Menches
880 1890 1032 1955 igitur
1062 1906 1163 1941 una
1190 1906 1306 1941 cum
1338 1891 1605 1942 comarcha
1633 1894 1680 1942 et
1706 1892 2079 1957 πρεσβυτέροις
2108 1892 2410 1945 nonnullos

428 1989 642 2040 colonos
678 1987 1090 2052 deprehendens,
1139 1990 1411 2052 occupatos
1447 1987 1498 2037 in
1534 1987 1808 2053 aggeribus
1843 1987 2173 2052 effodiendiS,
2222 2003 2384 2040 unum

427 2102 487 2136 ex
523 2085 583 2136 iis
619 2088 818 2150 captum
856 2083 1094 2150 ἐπιστάτῃ
1131 2083 1325 2149 κώμης
1358 2083 1506 2134 tradit
1538 2084 1595 2149 1).

494 2181 975 2248 Κωμογραμματεῖ
1014 2195 1134 2231 cura
1179 2180 1599 2246 monopoliorum
1649 2181 1883 2232 mandata
1928 2185 2029 2232 est:
2083 2196 2239 2247 quare
2284 2181 2384 2234 olei

427 2279 712 2344 monopolii
749 2277 1032 2329 conductor
1068 2278 1119 2328 in
1155 2277 1268 2329 vico
1305 2277 1678 2341 Cerceosiride,
1720 2280 2002 2344 suspicatus
2037 2278 2088 2329 in
2124 2278 2382 2345 quandam

426 2376 640 2427 domurn
677 2374 847 2426 oleum
885 2374 1011 2425 clam
1050 2374 1375 2440 importatum
1413 2389 1545 2437 esse,
1588 2374 1648 2424 ad
1687 2374 2065 2440 delinquentem
2102 2375 2387 2441 deprehen-

425 2472 651 2523 dendum
690 2471 1163 2537 κωμογραμματέα
1200 2470 1537 2533 adhibuisset,
1587 2471 1683 2522 nisi
1721 2471 1804 2523 ille
1837 2474 1922 2522 aut
1955 2470 2162 2523 afuisset
2183 2472 2251 2536 2),
2298 2475 2388 2524 aut

423 2569 751 2620 recusavisset
783 2568 841 2632 3).

479 2787 512 2837 1)
570 2786 677 2836 Ραρ.
714 2785 823 2825 Tebt.
858 2785 894 2834 l,
929 2785 998 2833 13;
1029 2785 1124 2825 vide
1153 2796 1290 2834 supra.
1322 2796 1362 2834 p.
1392 2786 1443 2824 44
1473 2797 1533 2835 sq.

477 2865 512 2914 2)
572 2864 730 2904 lbidem
760 2865 833 2913 38,
868 2864 914 2903 16
943 2875 1033 2914 sqq.

478 2944 512 2994 3)
572 2943 730 2982 Ibidem
760 2944 834 2991 30,
868 2943 915 2982 10
945 2954 1059 2993 sqq.:
1095 2939 1267 2987 εὐθέως
1295 2938 1569 2994 παραλαβὼν
1606 2939 1872 2994 Τρύχαμβον
1900 2938 1974 2981 τὸν
2001 2937 2122 2993 παρὰ
2151 2945 2228 2982 τοῦ
2255 2938 2383 2982 οἶκο-

420 3020 560 3073 νόμου
585 3018 908 3073 ἀπεσταλμένον
931 3018 1002 3061 ἐπὶ
1027 3017 1105 3074 τὴν
1132 3017 1384 3074 διαγραφὴν
1413 3020 1455 3071 (i.
1482 3032 1517 3060 e.
1549 3019 1815 3070 solutionem)
1836 3016 1936 3072 ὃι[ὰ
1958 3018 2006 3060 τὸ
2025 3033 2059 3071 μ
2056 3016 2116 3073 ]ὴ
2136 3017 2387 3073 βούλεσθαί

421 3114 468 3140 σε
508 3100 578 3151 (sc.
620 3096 1028 3152 κωμογραμματεά)
1068 3095 1144 3139 καὶ
1184 3095 1286 3143 τοὺς
1323 3095 1393 3138 ἐπὶ
1431 3095 1701 3151 πραγμάτων
1730 3095 2074 3138 συνεκαλουθεῒν
2101 3097 2145 3148 (l.
2187 3111 2377 3139 συνακο-

419 3175 617 3228 λουθεῖν)
657 3174 726 3217 ἐπὶ
765 3173 843 3230 τὴν
882 3173 1209 3229 σημαινομένην
1248 3174 1394 3217 οἰκίαν
1433 3174 1525 3216 κτλ.
1585 3176 1627 3216 Si
1667 3176 1761 3215 edd.
1803 3177 1912 3215 recte
1955 3175 2270 3226 suppleverunt,
2309 3175 2385 3217 hic·

420 3257 673 3305 ostenditur,
705 3256 819 3306 quod
849 3258 889 3295 et
918 3255 1087 3295 aliunde
1116 3258 1261 3294 notum
1291 3257 1374 3303 est,
1407 3255 1737 3294 Ptolemaeorum
1768 3255 2032 3305 magistratus
2061 3264 2377 3304 nonnumquam

420 3335 473 3374 ad
503 3334 717 3374 arbitrium
748 3335 893 3384 egisse.

479 3413 570 3452 lure
609 3412 789 3452 editores
827 3412 1055 3452 admonent
1093 3411 1250 3462 (annot.
1293 3411 1345 3450 ad
1385 3412 1458 3460 38,
1503 3410 1672 3460 16—19)
1703 3411 1757 3450 lII
1789 3412 1884 3450 ante
1914 3409 1964 3450 C.
1996 3410 2161 3450 saeculo
2191 3409 2376 3450 conduc·

420 3493 575 3539 torem,
618 3501 713 3529 curn
753 3490 891 3530 locum
932 3489 1142 3540 quendam
1182 3489 1430 3539 perscrutari
1468 3489 1614 3538 vellet,
1655 3488 1733 3529 sibi
1774 3488 2002 3538 adiungere
2039 3487 2273 3542 oportuisse
2301 3483 2381 3527 τὸν

417 3564 538 3620 παρὰ
581 3571 656 3607 τοῦ
702 3565 942 3619 οἰκονόμου
987 3564 1015 3619 ἢ
1058 3563 1133 3606 τὸν
1170 3564 1291 3619 παρὰ
1330 3570 1406 3606 τοῦ
1445 3563 1748 3619 ἀντιγραφέως
1787 3565 1855 3617 (cf.
1896 3566 1993 3610 Rev.
2033 3565 2140 3616 Pap.
2168 3565 2264 3606 Col.
2294 3566 2346 3606 55
2364 3595 2375 3614 ,

418 3647 463 3684 21
499 3645 619 3696 sqq.).
661 3645 790 3692 Quod
829 3647 969 3685 noster
1006 3645 1237 3685 conductor
1274 3641 1664 3696 κωμογραμματέα
1703 3644 1902 3684 adhibere
1938 3644 2027 3684 vult
2065 3643 2190 3684 huius
2218 3643 2379 3694 magis-—

419 3725 550 3763 tratus
578 3724 822 3773 potestatem
854 3734 901 3762 ex
933 3723 987 3762 lIl
1019 3734 1122 3762 saec.
1157 3723 1319 3763 auctam
1350 3734 1438 3762 esse
1467 3723 1735 3762 demonstrat.
