2612 4412
1330 397 1395 445 44

454 549 553 601 Cui
600 550 771 601 libello
819 550 870 600 οῖ
913 548 1049 614 πρὸς
1091 554 1150 615 τῇ
1199 548 1432 607 συντάξει
1475 549 1701 600 obsecuti
1750 549 2009 616 βασιλικῷ
2045 559 2348 618 γραμματεῖ

386 650 501 710 post
534 646 629 696 alia
664 646 737 697 sic
771 645 1020 696 scribunt:
1042 685 1052 696 .
1091 686 1101 696 .
1140 685 1149 695 .
1187 645 1366 701 καλῶς
1400 645 1631 711 ποιήσεις
1667 645 1922 704 συντάξας
1955 646 2044 697 καὶ
2078 648 2222 714 παρὰ
2258 650 2343 702 σοὶ

387 748 472 812 (sc.
508 748 766 814 βασιλικῷ
802 748 1120 813 γραμματεῖ)
1161 747 1487 813 ἀναγράφειν
1519 748 1588 804 εἷς
1613 746 1772 798 αὐτὸν
1799 749 1884 812 (Sc.
1913 748 2340 818 Didymarchum)
2452 816 2453 819 ,
2484 732 2550 819 {¹⁴3

385 844 762 909 (Ξκολο[ύθω]ς
799 845 863 909 (ν,
907 846 965 894 12
1000 845 1112 909 sq.).

453 941 691 1005 Expectes
737 939 1007 1004 βασιλικὸν
1055 939 1366 1005 γραμματέα
1416 953 1563 990 nunc·
1593 931 1788 990 scribas
1820 953 1941 990 suos
1978 939 2184 991 iussisse
2218 942 2340 994 novi

385 1036 694 1100 possessoris
730 1051 920 1087 nomen
959 1036 1011 1085 in
1055 1034 1382 1101 praediorum
1420 1034 1615 1085 tabulas
1650 1034 1806 1098 ferre,
1843 1035 1932 1086 sed
1970 1051 2031 1085 ex
2062 1036 2342 1090 scribarum

385 1146 632 1197 responso
656 1132 755 1196 (vv.
775 1134 840 1182 22
855 1162 895 1166 —
910 1132 995 1196 29)
1016 1135 1222 1197 apparet
1256 1131 1356 1182 hoc
1377 1130 1545 1183 solum
1566 1146 1683 1182 eum
1709 1146 1771 1181 ex
1790 1131 1851 1182 iis
1869 1129 2177 1196 quaesivisse
2201 1148 2342 1199 praef⁴

384 1226 596 1279 diumne
631 1227 694 1277 de
730 1243 835 1292 quo
870 1231 1046 1293 agatur
1082 1227 1313 1279 Petronis
1347 1227 1511 1278 fuerit.
1549 1227 1707 1288 Quod
1741 1231 1794 1278 ut
1818 1231 2127 1292 cognoscant
2149 1228 2345 1285 scribae

385 1322 745 1389 ἀπολογισμὸν
769 1328 860 1375 τοῦ
887 1323 1122 1390 ἐδάφους
1142 1324 1427 1390 inspiciunt.
1451 1324 1573 1380 Rem
1595 1324 1917 1375 confirmant:
1938 1324 2345 1382 ἐπισκοποῦντες

386 1416 470 1467 διὰ
506 1422 597 1468 τοῦ
633 1418 995 1484 ἄπολογισμοῦ
1026 1424 1117 1470 τοῦ
1149 1419 1384 1484 ἐδάφους
1408 1424 1499 1470 τοῦ
1530 1419 1593 1470 νδ
1615 1421 1804 1486 (ἔτους)
1832 1426 1921 1486 τῆς
1943 1418 2344 1486 Κερκεοσίρεως

384 1514 695 1580 εὑρίσκομεν
743 1515 1188 1581 ἀναγραφόμενον
1237 1517 1323 1580 (se.
1359 1514 1643 1582 Πέτρωνα)
1691 1516 1745 1567 ἓν
1789 1516 2099 1583 κληρουχίαι
2135 1555 2341 1568 .....

387 1610 680 1677 (ἀρουρῶν)
719 1610 801 1661 κδ.

450 1707 582 1757 Tum
619 1706 826 1757 demum
853 1707 1122 1773 βασιλικὸς
1159 1708 1498 1774 γραμματεύς
1534 1712 1580 1758 et
1618 1707 1949 1774 Didymarchi
1984 1711 2032 1758 et
2064 1710 2172 1758 τῶν
2205 1706 2349 1773 πρὸς

383 1807 444 1868 τῇ
479 1804 714 1862 συντάξει
749 1804 973 1867 libellos,
1012 1820 1178 1869 neque
1214 1805 1387 1856 minus
1422 1804 1705 1856 scribarum
1733 1819 2036 1870 responsum
2062 1819 2152 1870 per
2176 1807 2342 1870 topar-

383 1899 529 1949 cham
546 1900 613 1964 (?)
629 1901 670 1963 1)
719 1903 767 1950 et
812 1900 1257 1966 τοπογραμματέα
1303 1900 1366 1950 ad
1416 1901 1890 1966 κωμογραμματέα
1940 1899 2109 1962 mittit,
2156 1899 2245 1965 qui
2287 1899 2340 1951 in
2414 1911 2416 1915 '

383 2009 478 2046 suo
515 1996 711 2048 vasario
749 1997 867 2048 novi
905 1996 1214 2062 possessoris
1250 2010 1439 2047 nornen
1476 1996 1694 2047 adnotet.

457 2089 523 2142 Oi
562 2091 702 2165 πρὸς
753 2097 814 2158 τῇ
862 2092 1099 2151 συντάξει
1145 2095 1410 2158 propterea
1453 2092 1680 2144 libellum
1728 2092 1986 2159 βασιλικῷ
2021 2095 2342 2158 γραμματεῖ,

384 2203 488 2239 non
536 2193 1018 2256 κωμογραμματεῖ,
1056 2189 1258 2241 dedisse
1283 2189 1407 2239 mihi
1443 2188 1703 2252 videntur,
1739 2189 1882 2254 quod
1923 2188 2029 2252 ille,
2071 2188 2180 2239 vice
2220 2191 2342 2239 stra·

381 2284 670 2353 tegi-totius
706 2286 847 2337 nomi
892 2301 1043 2351 agros
1083 2286 1464 2349 administrans,
1501 2286 1566 2337 de
1607 2301 1665 2337 ea
1706 2302 1759 2337 re
1799 2285 2054 2338 dioecetae
2094 2285 2342 2337 rationem

381 2380 593 2432 reddere
626 2381 789 2433 debet.

451 2479 548 2534 Res
572 2478 752 2530 similis
776 2480 942 2544 agitur
961 2480 1012 2530 in
1031 2479 1160 2544 Pap.
1189 2480 1317 2530 Tebt.
1338 2481 1426 2542 31,
1463 2495 1618 2545 quam
1644 2480 1727 2531 hic
1750 2479 1983 2545 persequi
2013 2479 2227 2544 longum
2253 2481 2345 2531 est.
2402 2528 2403 2532 ,

739 2682 784 2730 4.
853 2681 949 2732 De
991 2695 1145 2732 cara
1190 2695 1493 2746 aggerum
1535 2685 1596 2732 et
1625 2681 1982 2747 fossarum.

449 2857 662 2910 Constat
710 2858 926 2924 Aegypti
979 2858 1277 2910 fertilitatem
1331 2858 1528 2910 donum
1583 2874 1692 2910 esse
1744 2859 1873 2922 Nili,
1927 2858 2015 2924 qui
2069 2857 2343 2924 quotannis

380 2957 562 3004 terram
611 2954 838 3005 inundet.
909 2953 1010 3006 Sed
1058 2954 1418 3006 inundationes
1465 2955 1564 3006 iam
1614 2955 1968 3007 pharaonibus
2011 2953 2341 3021 regnantibus

435 3269 470 3319 1)
529 3269 633 3310 Edd.
674 3270 911 3310 dubitantes
942 3270 1209 3310 Polemonem
1239 3269 1481 3320 toparcham
1511 3270 1638 3310 fuisse
1667 3270 1783 3310 aiunt
1812 3269 1955 3321 (praef.
1987 3269 2040 3310 ad
2068 3270 2120 3310 30
2149 3280 2190 3320 p.
2226 3268 2338 3319 119);

381 3347 483 3387 mihi
512 3358 755 3397 persuasum
785 3349 846 3387 est
874 3359 970 3387 eum
1000 3348 1081 3388 hoc
1110 3358 1281 3388 munere
1308 3347 1498 3387 functum
1538 3358 1623 3387 non
1654 3358 1755 3387 esse.
1800 3347 1911 3387 Nam
1954 3347 1988 3387 si
2027 3346 2193 3395 fuisset,
2233 3345 2339 3386 ordo

381 3425 720 3476 magistratuum,
761 3425 814 3465 ad
853 3436 960 3476 quos
998 3425 1127 3466 libelli
1168 3426 1280 3465 missi
1321 3427 1439 3474 sunt,
1480 3426 1699 3465 inusitatus
1738 3427 1843 3465 esset
1892 3424 1959 3475 (cf.
1990 3423 2099 3475 Pap.
2145 3423 2255 3464 Tebt.
2297 3423 2337 3473 Ι,

379 3502 469 3553 31);
528 3505 738 3554 praeterea
786 3515 873 3553 res,
928 3503 980 3543 de
1032 3515 1115 3554 qua
1168 3504 1327 3553 agitur,
1374 3503 1408 3542 11
1450 3504 1546 3543 ante
1584 3488 1633 3543 Css
1679 3502 1844 3542 saeculo
1893 3504 1977 3542 tam
2025 3501 2162 3542 aliena
2208 3502 2269 3542 est
2313 3513 2339 3542 a

381 3581 580 3632 toparcha
623 3583 669 3621 ut
709 3582 850 3632 potius
894 3581 1162 3622 Polemonem
1202 3580 1409 3621 Graecum
1450 3592 1602 3621 nornen
1645 3580 1772 3620 fuisse
1814 3580 2059 3620 crediderim
2077 3588 2080 3590 ·
2099 3580 2213 3629 eius,
2263 3579 2337 3631 qui

380 3659 599 3710 Aegyptio·
626 3659 797 3699 nomine
839 3659 982 3700 audiat
1020 3659 1279 3710 Onnophris.
1325 3659 1592 3709 Quamquam
1637 3659 1789 3698 similia
1830 3657 2018 3709 exempla
2057 3657 2158 3697 mihi
2189 3657 2339 3698 desunt

381 3737 536 3787 quibus
565 3737 674 3777 idem
704 3737 767 3776 vir
796 3737 838 3776 in
869 3737 1013 3777 eadem
1043 3748 1202 3788 papyro
1231 3736 1398 3777 duobus
1427 3737 1669 3776 nominibus
1699 3736 1941 3786 appellatur.
