2612 4412
1368 428 1432 476 20

424 584 825 650 ἀναφερομένης
870 582 988 647 περὶ
1033 583 1125 649 τὴν
1172 582 1365 646 κώμην
1401 581 1456 631 ἕν
1491 579 1762 645 ὕπολόγωι
1798 584 1892 645 γῆς
1929 579 2205 646 (ἀρούρας)
2246 580 2374 632 δέκα

427 678 716 745 (ἀρταβῶν)
755 679 1073 745 πεντήκοντα
1111 677 1275 742 mm).

494 774 939 839 Τοπογραμματεῖ
984 788 1105 823 vero
1159 775 1212 822 ut
1258 770 1762 836 κωμογραμματεύς
1808 771 2073 836 promissis
2120 775 2212 822 stet
2258 787 2378 824 cura

424 872 711 923 mandatur:
1580 936 1583 940 .

491 967 580 1018 καὶ
642 966 923 1031 φρόντισον
990 966 1076 1029 (sc.
1137 963 1602 1029 τοπογραμματεῦ)
1658 962 1734 1019 ὡς
1787 962 1847 1013 τὰ
1901 967 1990 1029 τῆς
2040 963 2380 1030 ὑποσχέσεως

423 1063 894 1129 ἓκπληρωθήσεται
907 1062 962 1125 2).

489 1161 570 1211 An
621 1158 975 1210 Hohlweinius
1022 1173 1082 1208 ex
1125 1157 1223 1208 hoc
1258 1171 1363 1207 uno
1400 1156 1631 1221 exemplo
1668 1156 1775 1206 iure
1811 1155 2012 1220 colligat
2045 1173 2378 1222 κωμογραμ-

421 1257 589 1324 ματὲα
636 1271 893 1321 quemque
940 1255 1083 1305 certis
1129 1257 1321 1304 tantum
1370 1253 1670 1303 muneribus
1716 1252 1960 1317 susceptis
2006 1251 2245 1317 creari3),
2295 1251 2381 1303 vix

426 1357 499 1405 est
533 1353 673 1419 quod
710 1351 1000 1402 diiudicem.
1051 1350 1178 1400 Fieri
1216 1353 1379 1415 potest
1415 1353 1469 1399 ut
1504 1348 1852 1400 Cerceosiride
1887 1347 2380 1414 κωμογραμματεία

426 1450 655 1515 fungenti
705 1463 892 1513 magno
938 1447 1077 1497 lucro
1113 1446 1275 1496 fuerit.
1324 1445 1652 1510 Quamquam
1690 1448 1882 1496 constat
1917 1444 2196 1496 dioecetam
2232 1458 2383 1510 saepe

426 1547 533 1598 fisci
570 1545 789 1611 augendi
827 1559 975 1595 causa
1010 1542 1382 1607 magistratibus
1419 1556 1631 1592 munera
1666 1541 1971 1606 imposuisse
1987 1542 2046 1606 4).

982 1716 1026 1764 4.
1100 1712 1305 1776 Quibus
1339 1727 1526 1762 munus
1562 1712 1824 1777 deseratur.

495 1855 1033 1923 Κωμογραμματέων
1069 1853 1280 1904 nomina
1314 1868 1444 1918 quae
1480 1852 1532 1902 in
1568 1853 1771 1918 papyris
1806 1855 1999 1918 reperta
2033 1855 2174 1915 sunt,
2211 1853 2385 1917 paucis
2420 1898 2422 1900 ,

428 1953 726 2020 exceptis5),
792 1951 1038 2017 Aegyptia
1089 1954 1230 2014 sunt;
1298 1949 1436 2000 unde
1487 1964 1688 2015 semper
1740 1948 1995 2013 indigenis
2045 1948 2145 1999 hoc
2195 1962 2386 1999 munus

428 2050 647 2102 delatum
702 2065 834 2111 esse,
890 2063 1173 2113 numquam
1223 2047 1456 2109 GraeciS,
1512 2046 1680 2111 colligi
1734 2049 1910 2112 potest.
1965 2045 2274 2111 Plerumque
2325 2060 2387 2096 ex

428 2146 715 2214 βασιλικῶν
763 2148 1020 2211 γεωργῶν
1066 2143 1287 2209 aliquem
1333 2142 1487 2194 creari
1524 2142 1794 2194 verisimile
1829 2146 1925 2206 est,
1974 2145 2028 2193 ut
2063 2144 2110 2192 et
2143 2141 2300 2194 hodie
2333 2141 2386 2192 in

430 2247 601 2296 nostra
636 2243 793 2309 patria
829 2242 879 2292 in
917 2240 1061 2307 pagis
1096 2240 1384 2291 minoribus
1420 2238 1673 2289 interdurn
1710 2238 1930 2304 agricola
1962 2238 2041 2289 vel
2075 2237 2388 2290 tabernarius
2442 2253 2445 2256 ·

429 2355 691 2393 summum
744 2338 1089 2403 magistratum
1140 2336 1347 2388 obtinet.
1402 2336 1484 2387 Sic
1529 2336 1779 2387 Sentheus
1809 2334 2045 2401 quidam,
2097 2338 2220 2386 teste
2256 2334 2387 2402 Pap.

431 2437 598 2488 Petrie
637 2437 719 2498 ΙΙΙ,
770 2436 853 2497 31,
905 2438 951 2485 et
997 2432 1266 2499 βασιλικὸς
1309 2431 1546 2499 γεωργός
1581 2436 1628 2483 et
1662 2429 2163 2498 κωμογραμματεὺς
2196 2430 2390 2498 κώμης

430 2532 796 2599 Λυσιμαχίδος
831 2535 916 2582 est.

501 2633 559 2682 Et
612 2629 854 2681 Menches
903 2643 1135 2694 quoque,
1192 2627 1287 2678 nisi
1337 2627 1435 2677 iam
1483 2629 1627 2677 antea
1672 2625 1940 2692 βασιλικός
1985 2624 2081 2676 fuit
2126 2622 2389 2690 γεωργός,

433 2728 606 2779 decem
644 2726 750 2792 agri
788 2725 931 2776 rudis
965 2739 1140 2775 aruras
1175 2739 1229 2775 se
1266 2723 1519 2775 culturum
1558 2738 1667 2774 esse
1702 2721 2052 2789 promittensss)
2083 2721 2213 2772 inter
2240 2720 2389 2785 βασι-

433 2825 611 2882 λικοὺς
647 2823 919 2890 γεωργούς
955 2823 1204 2888 recipitur.

1197 2979 1240 3029 5.
1311 2977 1394 3027 De
1424 2976 1632 3027 salaria.

504 3123 779 3184 Quaeritur
820 3137 884 3173 an
932 3123 1419 3186 κωμογραμματεῖς
1466 3133 1560 3184 pro
1607 3116 1792 3168 officiis
1838 3115 1942 3181 regi
1991 3114 2228 3182 praebitis
2262 3129 2392 3166 mer-

437 3220 611 3272 cedem
675 3218 970 3284 acceperint.
1045 3216 1325 3282 Accepisse!
1378 3214 1502 3265 mihi
1568 3228 1867 3280 persuasum
1919 3216 2016 3276 est,
2081 3225 2392 3278 quamquam

493 3386 528 3436 1)
584 3386 692 3436 Pap.
729 3384 839 3425 Tebt.
872 3384 913 3434 Ι,
947 3385 1007 3424 10.

494 3464 530 3515 2)
589 3463 759 3504 Ibidem.

494 3542 529 3592 3)
585 3542 702 3581 Mus.
736 3541 853 3592 belge
879 3541 915 3580 X
944 3551 986 3590 p.
1017 3541 1082 3579 45.

493 3620 530 3670 4)
589 3619 656 3660 Cf.
689 3621 831 3660 annot.
864 3618 916 3658 ad
947 3618 1053 3668 Pap.
1091 3617 1203 3656 Tebt.
1238 3617 1277 3666 Ι,
1310 3618 1357 3665 5,
1394 3616 1558 3655 19-21.

496 3697 531 3747 5)
589 3709 623 3737 e.
655 3708 696 3747 g.
728 3693 922 3740 Εὔπολις
961 3718 995 3723 -
1032 3694 1140 3744 Pap.
1170 3693 1311 3734 Hibelz
1342 3694 1382 3742 1,
1415 3695 1488 3734 103
1519 3694 1559 3732 et
1591 3692 1678 3731 104.

497 3775 532 3826 6)
590 3775 655 3815 Cf.
687 3773 995 3825 paragraphum
1024 3771 1352 3822 praecedentem.
