2612 4412
1297 385 1362 435 60

350 544 455 590 τῶν
490 539 863 605 πρεσβυτέρων
899 543 1003 590 τῶν
1040 542 1295 605 γεωργῶν
1331 544 1420 606 τῆς
1455 538 1614 604 αὐτῆς
1651 538 1735 602 (sc.
1773 537 2011 604 κώμης),
2053 554 2158 604 quo
2195 555 2309 591 nar·

351 639 483 698 rant,
530 650 645 686 curn
682 635 949 700 toparchae
984 651 1074 701 per
1110 635 1292 686 litteras
1329 634 1534 700 polliciti
1573 636 1738 684 essent
1772 632 1855 683 die
1890 635 2161 686 constituto
2196 634 2306 687 fisci

349 731 569 796 augendi
617 746 765 782 causa
810 731 953 781 tritici
1006 733 1132 782 1500
1172 731 1365 781 artabas
1401 729 1717 796 praebituros
1752 744 1806 779 se
1841 743 1973 791 esse,
2023 733 2168 781 nocte
2202 729 2309 782 die-

351 842 450 891 que
486 842 539 877 se
575 827 880 878 laboravisse
917 830 970 877 ut
1005 827 1318 877 frumentum
1355 826 1691 891 promissum,
1741 824 1857 875 item
1893 825 2150 889 octoginta
2182 829 2307 878 arta-

351 923 439 973 bas
491 922 627 988 πρὸς
676 923 767 989 τὴν
813 927 903 974 τοῦ
950 922 1208 988 βασιλέως
1253 923 1546 987 παρουσίαν
1580 923 1621 986 1)
1670 925 1920 986 cogerent.
1974 921 2073 973 Sed
2109 937 2138 972 a
2175 923 2311 988 Lyco

350 1018 574 1083 quodam
610 1019 822 1084 aliisque
859 1019 1179 1085 inopinantes
1210 1019 1260 1069 in
1291 1020 1548 1070 frumento
1580 1018 1815 1083 cogendo
1847 1018 2051 1069 invasos
2081 1021 2128 1068 et
2160 1019 2311 1070 Horo

350 1115 645 1166 comarchae
689 1117 793 1167 vim
840 1116 1034 1167 allatam
1084 1132 1216 1178 esse,
1266 1117 1330 1167 ita
1377 1121 1430 1166 ut
1476 1116 1766 1177 comarcha,
1813 1114 2178 1179 πρεσβύτεροι,
2225 1113 2308 1165 alii

353 1212 582 1276 γεωργοί
623 1212 950 1277 aufugissent.
1008 1213 1231 1277 Pergunt
1276 1228 1330 1262 se
1379 1212 1461 1262 διὰ
1512 1253 1520 1261 .
1561 1253 1569 1261 .
1618 1211 1808 1277 ταύτην
1849 1211 1942 1277 τὴν
1978 1210 2309 1276 αἰτίανέμπο-

299 1330 301 1334 ’
353 1308 597 1374 ὃισθῆναι
650 1310 703 1359 ἓν
753 1314 857 1365 τοῖς
909 1308 1040 1359 κατὰ
1094 1309 1185 1375 τὴν
1235 1308 1531 1374 παράδοσιν
1584 1311 1689 1358 τῶν
1742 1307 2012 1373 ἐκφορίων
2065 1306 2153 1357 καὶ
2204 1310 2312 1357 τῶν

351 1405 526 1456 ἄλλων
562 1406 1030 1471 ἐπιγεγραμμένων
1066 1406 1122 1470 2).

418 1503 517 1552 Νο.
561 1503 651 1551 128
687 1502 906 1553 editores
941 1502 1014 1552 sic
1048 1502 1364 1552 describunt:
1414 1501 1664 1553 „Petiliotz
1701 1503 1751 1551 to
1786 1500 2030 1550 Menches
2051 1499 2193 1565 from
2228 1500 2316 1550 the

350 1598 587 1648 komarclz
622 1599 800 1649 Horas
834 1598 946 1648 and
977 1597 1061 1648 tlze
1093 1597 1435 1663 πρεσβύτεροι
1474 1600 1742 1662 γεωργῶν,
1780 1596 2129 1661 complaining
2159 1595 2310 1660 osan

351 1695 574 1756 assault,
609 1695 672 1759 by
705 1709 886 1745 reason
922 1694 985 1759 of
1012 1693 1169 1762 which
1204 1693 1317 1758 tlzey
1354 1709 1472 1743 were
1504 1693 1753 1743 ltindered
1785 1694 1838 1743 in
1875 1694 1958 1743 tlte
1989 1692 2326 1758 πρακτορεία

351 1791 463 1841 and
489 1791 580 1841 tlte
612 1791 743 1841 land
776 1805 878 1841 was
912 1793 1006 1841 not
1034 1792 1216 1841 sown.”

420 1887 492 1936 Ex
550 1888 754 1952 papyris
811 1885 969 1936 allatis
1022 1885 1259 1949 colligere
1312 1900 1394 1935 me
1447 1884 1612 1935 iudice
1665 1899 1941 1950 possumus
1993 1883 2309 1934 comarcham
2393 1901 2395 1903 ¹

354 1998 514 2033 unum
568 1999 629 2033 ex
675 1983 962 2047 βασιλικοῖς
1009 1987 1287 2048 γεωργοῖς,
1342 1982 1419 2032 vel
1467 1981 1635 2047 potius
1682 1997 1742 2032 ex
1788 1980 2160 2046 πρεσβυτέροις
2204 1982 2314 2030 τῶν

350 2078 637 2143 βασιλικῶν
675 2083 930 2145 γεωργῶν
966 2079 1144 2140 fuisse,
1184 2079 1571 2143 iniunctumque
1608 2077 1652 2128 ei
1689 2077 1845 2129 fuisse
1875 2092 1977 2128 una
2005 2092 2120 2128 cum
2151 2094 2312 2142 πρεσ-

350 2175 611 2240 βυτέροις,
661 2179 715 2226 ut
759 2176 944 2227 tributa
989 2192 1017 2226 a
1064 2175 1350 2241 βασιλικοῖς
1397 2179 1652 2241 γεωργοῖς
1692 2174 1818 2226 fisco
1854 2173 2045 2236 debita,
2094 2172 2315 2238 exigeret

350 2271 666 2337 traderetque
701 2272 945 2338 sitologiS.

419 2368 517 2419 Cui
578 2369 646 2420 rei
707 2384 812 2420 non
872 2370 1037 2420 obstat
1092 2369 1235 2434 quod
1295 2368 1346 2418 in
1405 2368 1608 2434 papyris
1661 2366 1874 2418 laudatis
1925 2367 2137 2432 aliisque
2188 2380 2315 2418 voce
2379 2439 2382 2442 ρ

350 2466 722 2531 πρεσβυτέροις
769 2481 873 2517 non
923 2466 1030 2531 ipse
1077 2465 1343 2517 comarcha
1386 2480 1596 2530 quoque
1631 2463 2094 2530 comprehenditur.
2149 2463 2314 2520 Immo

350 2562 693 2628 πρεσβύτεροι
724 2562 977 2628 principes
1006 2566 1146 2613 erant
1175 2565 1280 2612 τῶν
1308 2561 1596 2626 βασιλικῶν
1626 2565 1902 2627 γεωργῶν,
1941 2561 2048 2626 ipse
2078 2560 2316 2626 princeps

351 2662 457 2710 τῶν
491 2660 887 2724 πρεσβυτέρων;
927 2659 1096 2710 locum
1136 2658 1288 2723 igitur
1323 2659 1374 2709 in
1411 2658 1572 2725 κώμῃ
1609 2658 1918 2723 singularem
1956 2657 2150 2709 obtinet
2171 2658 2230 2723 3).

420 2756 668 2820 Magnum
718 2756 870 2821 igitur
915 2756 1188 2807 discrimen
1236 2760 1309 2814 est
1355 2756 1484 2806 inter
1527 2755 2001 2822 κωμογραμματέα
2035 2758 2085 2805 et
2118 2768 2314 2806 comar-

352 2852 523 2903 cham:
560 2853 1063 2919 κωμογραμματεύς
1098 2852 1416 2918 magistratus
1452 2856 1548 2915 est,
1587 2852 1675 2918 qui
1703 2853 1896 2919 κώμης
1924 2865 2072 2917 agros
2103 2850 2314 2903 nomine

353 2950 486 3014 regis
532 2949 913 3001 administrabat
958 2949 1392 3015 tributorumque,
1441 2950 1505 3000 ab
1551 2950 1795 3002 omnibus
1843 2949 2039 3001 colonis
2082 2948 2249 3014 (etiam
2284 2962 2315 2999 a
2392 2954 2395 2956 ’

408 3174 443 3225 1)
502 3175 604 3214 Edd.
636 3175 858 3215 adnotant:
896 3177 1134 3226 „payments
1152 3175 1234 3226 sor
1260 3175 1330 3215 the
1357 3175 1478 3225 ‘visit'
1510 3175 1563 3225 of
1584 3174 1653 3214 tlze
1678 3175 1784 3225 kitzg
1809 3186 1861 3214 or
1886 3174 2071 3225 on‘i'ct‘als=
2099 3186 2174 3214 are
2200 3174 2335 3226 osten>

354 3255 438 3291 met
466 3253 562 3292 ivitlz
591 3253 635 3292 in
665 3253 895 3293 Ptolemaic
915 3253 1113 3305 papyri''.

410 3330 475 3370 Cf.
508 3331 714 3381 Wilcken,
749 3331 802 3371 G.
837 3330 887 3371 Ο.
919 3343 960 3382 p.
991 3333 1067 3370 274
1099 3342 1189 3382 sqq.

408 3408 444 3459 2)
499 3410 576 3449 Vv.
607 3411 774 3450 27—30.

412 3487 554 3526 Libelli
603 3489 719 3537 parte
766 3489 944 3527 extrema
993 3498 1099 3537 quae
1151 3486 1273 3536 periit
1323 3486 1516 3536 petivisse
1566 3485 1760 3525 videntur
1812 3488 1857 3524 ut
1898 3485 2095 3525 Menches
2134 3496 2218 3524 rem
2259 3484 2313 3525 ad

355 3565 511 3604 iudices
541 3565 728 3604 deferret.

408 3643 443 3692 3)
502 3642 746 3693 Comparari
787 3645 962 3693 possunt
1002 3643 1124 3683 haec:
1170 3644 1359 3690 „senatus
1397 3642 1664 3693 populusque
1695 3640 1948 3689 Romanus'';
1994 3640 2319 3691 „burgemeester

297 3753 306 3760 c
353 3732 403 3759 etz
435 3720 651 3770 burgers'',
682 3722 757 3760 cet.
