2612 4412
1348 391 1412 439 72

403 558 483 593 res
528 543 775 608 quadrare
817 542 1053 594 vidimus,
1112 545 1294 609 Neque
1330 559 1450 595 vero
1489 545 1549 594 III
1586 559 1709 595 saec.
1747 544 2063 595 comarcham
2102 545 2356 597 eiusmodi·

404 640 573 690 locum
627 639 910 691 obtinuisse
961 641 1083 691 mihi
1139 641 1408 706 probatum
1462 644 1547 692 est.
1609 639 1894 692 posteriore
1945 639 2154 691 demum
2201 643 2361 692 aetate

406 735 635 790 Romana
669 736 933 786 comarcha
968 737 1203 802 princeps
1239 735 1470 787 omnium
1510 735 1787 786 incolarum
1826 736 1984 787 factus
2020 739 2105 787 est.

474 929 653 980 Paucis
687 928 910 994 denique
944 944 1092 994 agere
1128 929 1251 979 mihi
1289 929 1429 980 liceat
1463 929 1527 979 de
1551 929 1796 994 opinione
1819 944 1848 978 a
1873 929 2110 993 Maspero
2129 942 2363 994 pronun·-

405 1025 541 1088 tiata,
591 1026 678 1091 qui
725 1025 817 1076 tria
863 1026 1243 1090 magistratuum
1291 1041 1477 1090 genera
1522 1013 1631 1076 esse
1667 1025 1897 1090 perhibet
1931 1024 2039 1076 fisci
2078 1025 2365 1078 rationibus

405 1137 495 1187 per
541 1137 755 1173 nomum
804 1122 1202 1184 consulentium,
1251 1122 1352 1172 scil.
1403 1122 1478 1186 (ut
1522 1121 1681 1187 ipsius
1728 1121 1895 1172 verbis
1937 1123 2065 1186 utar)
2108 1122 2361 1175 „admini-

403 1220 669 1280 stratearS,
705 1217 1114 1283 fonctionnaires
1146 1218 1528 1268 exclusivemetzt
1544 1217 1832 1282 sinanciers
1865 1220 1916 1267 et
1945 1217 2280 1268 contrdleurs'’
2301 1218 2359 1283 1).

406 1314 647 1374 Quorum
712 1314 799 1378 qui
860 1314 1027 1379 primo
1093 1314 1205 1364 loco
1259 1313 1501 1364 nominati
1554 1317 1672 1364 sunt
1725 1313 1874 1378 (inter
1924 1329 2056 1378 quos
2108 1313 2367 1365 habentur

406 1410 702 1473 nomarcha,
739 1410 999 1476 toparcha,
1038 1410 1322 1474 comarcha)
1359 1410 1631 1476 βασιλικὴν
1669 1414 1765 1476 γῆν
1799 1409 2202 1461 administrantes
2232 1413 2363 1461 eate-

406 1521 503 1557 nus
551 1506 658 1557 fisci
704 1521 782 1557 res
833 1509 1008 1556 curant
1059 1506 1200 1570 quod
1253 1505 1540 1569 βασιλικῶν
1593 1509 1848 1571 γεωργῶν
1900 1506 2085 1556 tributa
2137 1505 2364 1570 exigunt.

409 1602 853 1654 „Fonctionnaires
886 1602 1268 1653 exclusivement
1281 1602 1592 1667 fiuanciers”
1636 1602 1722 1667 qui
1758 1601 1995 1653 dicuntur
2029 1601 2182 1653 totius
2218 1600 2361 1653 nomi

405 1698 663 1763 vectigalia
698 1702 928 1749 exercent
963 1701 1010 1748 et
1044 1713 1175 1763 quae
1210 1698 1423 1763 pecunia
1453 1701 1499 1748 et
1527 1713 1657 1763 quae
1682 1698 1937 1749 frumento
1962 1696 2205 1748 solvenda
2228 1699 2363 1748 sunt.

406 1793 512 1869 Qui
549 1793 692 1845 tertio
729 1793 843 1845 loco
878 1783 1239 1845 enumerantur
1270 1794 1344 1857 (ut
1367 1793 1636 1858 βασιλικὸς
1660 1793 2019 1859 γραμματεύς,
2055 1811 2366 1859 τοπογραμ-

404 1890 622 1955 ματεύς,
660 1890 1180 1956 κωμογραμματεύς)
1218 1890 1328 1941 aliis
1363 1889 1735 1955 magistratibus
1772 1890 2114 1942 moderantur.

474 1986 588 2036 Hoc
621 1989 788 2036 autem
826 1985 890 2036 de
925 1990 1387 2051 κωμογραμματεῖ
1417 2001 1700 2052 numquam
1736 1987 1892 2038 valuit
1924 1987 2013 2052 qui
2051 1987 2112 2038 111
2149 1991 2264 2037 ante
2299 1985 2366 2037 C.

405 2082 605 2133 saeculo
653 2086 845 2132 tantum
894 2081 1063 2132 aberat
1109 2086 1164 2132 ut
1209 2082 1291 2132 alii
1339 2082 1648 2148 magistratui
1696 2083 2043 2135 moderaretur
2090 2087 2144 2134 ut
2190 2083 2299 2149 ipse
2333 2097 2368 2133 a

405 2179 672 2230 comarcha
706 2179 1067 2242 custodiretur,
1107 2181 1145 2229 11
1183 2185 1350 2231 autem
1386 2180 1588 2232 saeculo
1623 2180 1816 2246 κώμης
1851 2193 1999 2245 agros
2029 2180 2180 2231 habet
2201 2180 2362 2231 admi-

407 2276 718 2340 nistrandos;
757 2292 850 2328 nec
886 2277 1047 2342 magis
1082 2277 1146 2327 de
1177 2278 1457 2329 comarcha.
1497 2279 1607 2329 Iure
1632 2277 1785 2344 igitur
1816 2277 2283 2344 Bouche-Leclercq
2296 2278 2363 2343 2):

510 2413 519 2423 .
567 2377 619 2424 et
660 2374 714 2424 la
758 2375 1124 2425 collaboration
1184 2375 1275 2425 des
1323 2375 1516 2440 „cltefs”
1574 2378 1624 2426 et
1670 2376 1760 2426 des
1814 2374 2055 2428 „scribes”
2107 2373 2171 2424 de
2210 2373 2373 2424 meme

404 2473 594 2520 ress-ort
633 2485 697 2520 ne
741 2471 899 2522 luisse
936 2487 1038 2537 pas
1082 2473 1368 2534 apercevoir
1408 2473 1558 2523 aussi
1600 2475 1869 2523 nettement
1898 2486 1998 2537 que
2030 2472 2078 2522 le
2103 2485 2262 2536 pense
2293 2469 2367 2520 H.

404 2567 650 2632 Maspero
684 2567 782 2632 (op.
818 2568 897 2618 cit.
928 2583 1015 2633 pp.
1051 2570 1171 2631 201,
1207 2570 1324 2634 214)
1365 2569 1412 2620 le
1444 2569 1626 2634 de'part
1656 2569 1746 2619 des
1780 2569 2142 2634 competences:
2183 2566 2369 2618 l'auto-

405 2666 507 2716 rite‘
517 2680 619 2716 aux
642 2681 970 2731 nomarqueS,
1008 2670 1304 2732 toparqaes,
1342 2682 1660 2732 comat-qam,
1692 2668 1739 2718 le
1760 2667 1981 2718 contrdle
2001 2681 2104 2718 aux
2126 2665 2367 2716 basilico-

400 2764 735 2825 grammateS,
773 2766 1200 2828 topogrammates
1234 2767 1283 2814 et
1314 2764 1804 2828 comogrammates.''

474 2859 656 2923 Neque
704 2862 832 2910 recte
866 2863 1092 2910 autumat
1135 2861 1373 2925 Maspero
1410 2860 1825 2923 nomarcharum,
1864 2859 2243 2926 toparcharum,
2281 2871 2368 2909 co-

408 2955 726 3006 marcharum
778 2955 1121 3007 auctoritatem
1162 2957 1221 3006 111
1270 2960 1384 3007 ante
1419 2955 1478 3008 C.
1515 2956 1717 3007 saeculo
1752 2958 1948 3006 auctam
1984 2954 2162 3019 esse3).
2201 2954 2368 3005 Immo

407 3054 700 3115 potestatem
747 3054 897 3117 atque
943 3053 1285 3104 auctoritatem
1335 3067 1513 3104 eorum
1562 3055 1805 3118 perpetuo
1843 3051 1962 3102 inde
1997 3067 2026 3101 a
2062 3049 2367 3102 Ptolemaeis

408 3147 737 3212 regnantibus
774 3147 1068 3200 imminutas
1103 3164 1213 3201 esse
1248 3164 1309 3199 ex
1343 3148 1573 3200 fontibus
1607 3148 1725 3200 satis
1758 3146 2003 3214 apparuit.

462 3352 497 3402 1)
554 3353 631 3392 Les
659 3354 865 3393 Finances
893 3354 945 3394 de
971 3342 1163 3404 l'Egvpte
1188 3365 1229 3404 p.
1264 3355 1349 3394 183.

461 3429 497 3481 2)
554 3430 664 3470 Hist.
695 3430 737 3470 d.
768 3430 871 3481 Lag.
906 3432 960 3470 111
992 3443 1032 3481 p.
1062 3432 1140 3472 389
1170 3434 1312 3472 annot.
1347 3433 1380 3471 1.

461 3508 497 3559 3)
554 3509 579 3548 l.
612 3509 638 3548 l.
669 3520 740 3559 pp.
775 3510 869 3557 185;
901 3510 990 3548 211.
