2612 4412
1185 386 1249 435 49

236 541 335 593 viri
389 539 558 592 idonei
614 545 660 591 et
712 540 985 604 οἰκονόμοι
1037 544 1084 590 et
1136 540 1537 606 ἀρχιφυλακῖται
1572 542 1611 604 1)
1666 542 2018 604 nominentur,
2079 543 2198 593 huic

240 637 469 698 mandat:
522 635 734 692 ἐπιδοὺς
785 635 881 686 οὗν
931 636 1151 701 [athlebe
1202 636 1294 702 τὴν
1347 636 1560 703 γραφὴν
1611 640 1717 687 τῶν
1771 637 2197 703 ὃ[υ]ναμε’νω[ν]

231 734 655 800 ἐπισπασθῆναῂ
714 734 811 798 estc
871 733 960 790 τὰς
1020 733 1545 799 γενηματοφυλακίας
1605 734 1696 800 τὴν
1757 734 2197 798 ἕπιβά[λλο]υσαν

234 831 550 897 προσφέρου
603 830 842 896 σπουδὴν
894 830 976 880 ἵνα
1028 830 1133 881 κτλ.
1168 831 1236 895 2),
1291 831 1319 880 i.
1364 846 1405 882 e.
1460 831 1503 881 ei
1560 832 1647 895 (sc.
1699 831 2003 896 Asclepiadi)
2059 832 2197 882 trade

233 927 465 1002 tabellaS,
513 927 702 993 quibus
749 930 959 978 nomina
1002 928 1229 978 virorum
1277 927 1618 990 continentur,
1668 928 1754 993 qui
1793 926 1962 978 idonei
1999 928 2098 979 sint
2132 929 2195 979 ad

232 1025 411 1090 fruges
456 1022 837 1086 custodiendas,
862 1046 864 1048 ·
892 1027 939 1074 et
985 1023 1297 1088 diligentiam
1346 1027 1539 1090 praesta
1585 1040 1687 1090 qua
1733 1040 1865 1090 opus
1913 1029 1998 1076 est.
2052 1025 2196 1085 Quas

231 1119 444 1173 labellas
471 1119 740 1186 βασιλικὸς
771 1118 1108 1186 γραμματεὺς
1137 1119 1256 1177 τοὺς
1287 1121 1764 1186 τοπογραμματέας
1789 1125 1835 1173 et
1860 1141 2194 1188 κωμογραμ-

230 1216 432 1283 ματέας
467 1216 607 1268 nomi
643 1217 722 1267 sui
758 1216 1009 1268 conficere
1045 1217 1184 1269 iubet
1217 1219 1274 1282 3).

305 1312 462 1378 Igitur
525 1312 829 1378 Lagidarum
894 1317 1048 1364 aetate
1112 1329 1218 1364 rem
1268 1313 1332 1365 ita
1384 1318 1723 1380 comparatam
1772 1315 1929 1366 tuisse
1965 1315 2194 1380 colligas:

230 1408 738 1476 κωμογραμματεύς
793 1410 1027 1473 tabellas,
1087 1411 1277 1475 quibus
1335 1410 1640 1463 idoneorum
1700 1411 1928 1462 virorum
1989 1412 2197 1463 nomina

228 1506 578 1570 continentur,
625 1521 716 1572 per
760 1507 1206 1572 τοπογραμματέα
1252 1507 1317 1558 ad
1363 1506 1635 1573 βασιλικὸν
1672 1509 1982 1573 γραμματέα
2025 1508 2194 1572 mittit;

231 1603 324 1670 qui
377 1618 460 1655 eas
506 1603 813 1670 magistratui
862 1605 1032 1668 tradit,
1086 1620 1243 1671 penes
1290 1620 1443 1670 quem
1493 1608 1711 1671 potestas
1758 1609 1831 1656 est
1877 1605 2194 1657 nominandi.

239 1702 338 1754 Hic
371 1706 542 1754 utrum
577 1717 674 1755 suo
709 1703 918 1755 arbitrio
954 1702 1184 1754 nominet
1216 1717 1279 1753 an
1317 1706 1476 1765 sorte,
1515 1706 1569 1753 ut
1593 1706 1748 1754 aetate
1778 1703 2007 1760 Romana
2032 1717 2195 1767 usque

227 1803 299 1855 ad
337 1803 398 1854 111
433 1802 690 1854 saeculum
727 1801 837 1853 fieri
873 1800 1023 1864 solet,
1068 1816 1173 1852 non
1209 1805 1427 1867 apparet.

453 2011 498 2061 6.
567 2010 652 2061 De
683 2009 1203 2075 κωμογραμματέως
1237 2009 1530 2059 muneribus
1565 2023 1698 2073 qaae
1725 2009 1981 2074 pertinent

846 2107 922 2157 ad
953 2106 1278 2171 dt'sciplinam
1307 2107 1582 2171 publicam.

305 2263 364 2315 Et
404 2262 535 2315 hanc
568 2277 673 2314 rem
711 2265 971 2313 tractantes
1007 2260 1205 2312 initium
1242 2276 1506 2313 sumamus
1540 2261 1604 2313 ab
1643 2262 1681 2312 ΙΙ
1718 2266 1832 2313 ante
1868 2262 1928 2314 C.
1965 2263 2192 2326 saeculo,

227 2360 356 2427 -quia
405 2375 467 2411 ex
519 2359 721 2412 saeculo
777 2360 836 2410 III
892 2359 1116 2411 minores
1162 2374 1379 2410 numero
1427 2359 1600 2425 papyri
1651 2362 1817 2410 extant
1862 2375 2015 2424 quam
2063 2376 2193 2425 quae

231 2456 356 2508 huic
389 2457 459 2508 rei
497 2456 661 2508 lucem
697 2455 910 2508 afferant
946 2455 1199 2507 idoneam.

303 2553 542 2605 Publicae
593 2553 869 2605 securitatis
921 2567 1092 2604 curam
1141 2568 1227 2604 rex
1273 2553 1593 2618 singulorum
1643 2568 1919 2605 nomorum
1965 2553 2193 2619 strategis

227 2649 521 2717 delegabat,
567 2650 655 2717 qui
703 2649 1061 2702 adiuvantibus
1107 2649 1393 2715 βασιλικοῖς
1440 2654 1801 2716 γραμματεῦσι
1848 2651 1947 2703 hoc
1982 2666 2193 2703 munere

229 2747 591 2814 fungebantur.
645 2747 853 2808 Quibus
901 2747 952 2798 in
1001 2747 1212 2813 κώμαις
1255 2751 1355 2799 tres
1403 2747 1720 2813 magistratus
1765 2747 1975 2800 subiecti
2023 2754 2191 2800 erant:

290 3022 326 3074 1)
384 3022 448 3064 llli
480 3023 591 3063 enim
622 3032 795 3072 magnas
825 3023 960 3072 partes
991 3022 1031 3061 in
1062 3021 1335 3072 vectigalibus
1363 3021 1579 3072 exigendis
1609 3023 1754 3072 agunt.
1816 3022 1882 3062 Cf.
1914 3025 2037 3073 caput
2066 3024 2133 3065 IV.

288 3100 326 3152 2)
382 3099 475 3142 Col.
510 3100 548 3150 1,
583 3101 746 3140 12—14.

287 3178 323 3231 3)
381 3178 485 3221 lbid.
518 3179 630 3220 1-9.

289 3257 507 3309 Agricolas
545 3258 706 3299 tantum
747 3253 1172 3310 γενηματοφύλακας
1203 3256 1408 3297 nominari
1440 3258 1479 3296 et
1509 3267 1583 3307 per
1611 3268 1655 3297 se
1684 3258 1795 3307 patet
1826 3259 1865 3297 et
1896 3258 1992 3298 inde
2022 3262 2193 3309 apparet

228 3336 348 3388 quod
369 3338 745 3389 τοπογραμματεῒς
768 3337 806 3375 et
831 3338 1232 3388 κωμογραμματεῖς
1253 3334 1514 3385 singulorum
1536 3335 1852 3376 candidatorum
1874 3336 1985 3377 bona
2005 3336 2190 3387 profiteri

227 3413 407 3456 debent:

292 3522 301 3532 .
322 3522 331 3532 .
351 3522 360 3532 .
384 3489 724 3545 παρακειμένων
753 3488 807 3532 οὗ
836 3489 1018 3537 ἕκαστος
1048 3488 1191 3545 ἔχ[ε]ι
1221 3489 1392 3545 κλήρου
1416 3489 1492 3533 καὶ
1515 3495 1602 3532 τῶν
1623 3489 1769 3534 ἄλλων
1792 3495 1880 3533 τῶν
1901 3490 2192 3546 ὑπαρχόντων

224 3568 313 3620 ·(vv.
345 3570 369 3610 7
399 3569 507 3622 sqq.)

292 3647 349 3688 Ut
387 3658 519 3700 paene
557 3649 698 3689 omnia
736 3645 1164 3702 κωμογραμματέως
1195 3659 1365 3688 munera
1404 3648 1526 3689 etiam
1567 3648 1647 3689 hoc
1696 3660 1743 3688 ex
1789 3660 1958 3689 munere
1997 3660 2190 3698 agrorum

227 3725 654 3768 administrandorum
686 3728 827 3768 natum
859 3729 931 3767 est.

2000 3800 2021 3836 4
