2612 4412
1317 377 1381 426 62

367 529 550 581 debitis
594 530 900 581 tributorum
946 545 975 580 a
1020 545 1074 581 se
1119 525 1376 595 exegerint
1421 545 1587 595 neque
1633 528 1988 579 detrimentum
2037 529 2319 580 restitutum

366 626 463 676 sibi
499 625 585 688 sit,
622 641 930 691 quamquam
966 627 1314 693 μεριδάρχης,
1351 642 1504 692 quem
1542 626 1677 691 pacis
1707 625 1950 675 arbitrum
1982 624 2318 688 adhibuisset,

366 721 461 771 sibi
508 735 744 773 assensus
790 726 918 773 esset
940 723 997 788 1).
1052 724 1171 773 Item
1217 723 1346 788 Pap.
1393 722 1636 772 Amnerst
1680 722 1743 784 ll,
1792 722 1856 771 33
1880 721 1921 785 2)
1958 720 2061 784 agit
2093 721 2158 772 de
2193 734 2320 772 non·

368 816 519 868 nullis
564 817 848 881 βασιλικοῖς
896 824 1172 884 γεωργοῖς,
1221 819 1308 884 qui
1358 820 1492 870 litem
1543 819 1811 869 intendunt
1846 816 2197 882 Tesenouph-i,
2244 806 2324 883 τῷ

366 914 779 980 κωμαρχήσαντι
831 915 922 981 τὴν
966 917 1355 983 προειρημένην
1401 916 1618 982 κώμην,
1674 917 1880 981 propter
1927 914 2110 965 iniusta
2153 912 2321 979 aliqua

366 1013 515 1073 atque
549 1009 698 1061 falsas
731 1011 1033 1062 tributorum
1072 1014 1290 1064 rationes
1324 1013 1388 1063 ab
1425 1028 1486 1064 eo
1522 1012 1686 1063 factas.

434 1106 671 1172 Maspero
695 1107 762 1172 3),
800 1107 864 1158 de
899 1109 1194 1159 comarchae
1230 1112 1277 1159 et
1310 1108 1684 1174 πρεσβυτέρων
1720 1108 1834 1159 loco
1869 1121 2049 1172 agenS,
2087 1120 2240 1171 quern
2278 1105 2318 1157 ll

366 1206 479 1252 ante
525 1202 583 1253 C.
631 1202 832 1254 saeculo
880 1203 1220 1266 obtinuerint,
1272 1204 1661 1269 πρεσβυτέρους
1708 1202 1987 1253 rationibus
2033 1199 2323 1266 βασιλικῶν

367 1302 650 1364 γεωργῶν,
710 1299 1028 1350 comarcham
1082 1315 1204 1351 vero
1257 1305 1303 1351 et
1354 1299 1827 1366 κωμογραμματέα
1876 1297 1984 1350 fisci
2039 1296 2323 1348 rationibus

365 1394 682 1446 consuluisse
717 1396 966 1461 opinatur.

433 1491 591 1551 Quod
628 1507 657 1542 a
691 1492 893 1543 veritate
928 1493 1188 1544 abhorret:
1226 1508 1279 1543 re
1314 1508 1432 1544 vera
1466 1508 1590 1544 saeC.
1631 1494 1668 1543 ll
1706 1491 1974 1544 comarcha
2008 1494 2055 1542 et
2088 1490 2318 1556 πρεσβύ-

365 1605 501 1652 τεροι
544 1587 824 1640 rationibus
858 1588 1144 1653 βασιλικῶν
1182 1593 1436 1655 γεωργῶν
1472 1590 1768 1651 consulunt,
1818 1586 2321 1654 κωμογραμματεύς

364 1683 471 1734 fisci
510 1683 782 1735 commoda
817 1688 996 1736 tuetur.

434 1779 685 1831 Universe
749 1781 985 1846 Maspero
1048 1783 1085 1831 lI
1147 1797 1271 1832 saec.
1325 1782 1606 1833 comarchis
1665 1785 1711 1832 et
1767 1780 2021 1847 toparchis
2074 1779 2318 1831 maiorem

364 1878 656 1940 potestatem
705 1876 949 1940 attribuit;
999 1891 1165 1942 neque
1210 1877 1498 1928 audiendus
1544 1880 1618 1928 est
1662 1876 1859 1927 dicens:
1912 1876 2074 1928 „Lenr
2112 1875 2199 1940 (se.
2235 1890 2320 1926 co-

366 1971 705 2035 marcharum)
759 1972 865 2022 role
913 1973 1038 2024 e'tait
1079 1976 1283 2024 sartont
1324 1974 1455 2024 celni
1498 1973 1973 2024 d’adtninistratenr
2013 1975 2064 2022 et
2105 1971 2318 2022 d'inten-

363 2067 494 2117 dant
547 2067 618 2117 dn
674 2067 952 2118 domaine.¹¹
1029 2069 1099 2120 Ut
1155 2069 1291 2119 enim
1354 2069 1414 2118 111
1473 2083 1598 2119 saec,
1658 2068 1925 2120 comarcha
1980 2068 2080 2120 hoc
2131 2082 2322 2119 munus

362 2162 589 2226 gesserit,
630 2164 667 2213 ll
704 2179 829 2214 saec.
866 2164 1340 2230 κωμογραμματέα
1376 2178 1557 2215 omnes
1593 2164 1785 2230 κώμης
1818 2178 1970 2228 agros
2003 2162 2319 2214 administra·

362 2259 494 2309 visse
529 2263 734 2310 constat.

429 2356 612 2420 Neque
647 2356 818 2406 minus
855 2355 1099 2408 dissentio
1134 2372 1163 2406 a
1200 2357 1437 2422 Maspero
1473 2356 1741 2420 colligente
1776 2371 1837 2406 ex
1871 2355 2000 2420 Pap.
2029 2354 2156 2406 Tebt.
2187 2354 2226 2416 1,
2253 2355 2320 2405 22

362 2454 409 2500 et
449 2452 541 2501 128
579 2450 743 2516 „(qne)
771 2451 818 2502 le
845 2466 1114 2516 contorque
1138 2453 1365 2517 s'occnpe
1390 2452 1541 2503 aussi
1567 2452 1657 2503 des
1685 2453 2153 2513 ensemencements,
2189 2450 2324 2516 tegle

362 2549 426 2597 de
474 2551 669 2598 concert
708 2563 827 2598 avec
870 2549 916 2598 le
960 2548 1381 2614 comogramtnate
1423 2552 1473 2599 et
1515 2564 1584 2599 nn
1631 2549 1823 2599 conseil
1865 2548 1929 2599 de
1966 2562 2220 2613 paysanS,
2268 2546 2322 2598 οἱ

361 2644 704 2710 πρεσβύτεροι
718 2683 730 2704 ,
778 2646 831 2695 la
877 2645 1111 2709 question
1147 2646 1211 2696 de
1244 2646 1296 2696 la
1330 2645 1553 2696 rotation
1589 2646 1679 2696 des
1712 2645 1955 2707 cultures,
2001 2643 2142 2710 enfin
2180 2642 2323 2694 veille

361 2755 463 2791 anx
506 2741 761 2791 semailles
804 2744 854 2791 et
897 2741 1115 2806 inspecte
1157 2742 1231 2792 les
1275 2741 1526 2807 champs.''
1583 2743 1641 2792 Et
1676 2741 1829 2807 paulo
1867 2743 2004 2806 post:
2046 2739 2244 2806 „Ensin
2279 2739 2324 2790 il

359 2836 546 2887 semble
577 2837 725 2887 avoir
754 2852 788 2888 a
823 2837 1072 2888 controler
1101 2838 1155 2888 la
1183 2839 1470 2903 perception
1507 2838 1596 2889 des
1631 2836 1818 2902 impots
1852 2851 1914 2887 en
1949 2836 2170 2887 nature.'’
2189 2835 2232 2900 4)

427 2932 527 2984 Sed
553 2933 699 2984 etiam
725 2938 1187 3000 κωμογραμματεῖ
1199 2935 1437 2999 Maspero
1462 2937 1626 3000 partes
1650 2932 1980 2985 custodientis
1998 2931 2316 2998 (contr-olent)

360 3029 583 3080 attribuit
607 3044 773 3094 neque
799 3029 970 3080 minus
994 3029 1309 3094 epimeletae,
1347 3030 1462 3095 quis
1487 3029 1537 3080 in
1563 3030 1795 3096 Aegypto
1820 3029 2078 3095 vectigalia
2100 3028 2320 3095 exegerit

361 3142 467 3177 non
504 3127 635 3178 dicit.
674 3129 859 3190 Immo,
898 3143 958 3178 ex
990 3127 1192 3193 papyris
1223 3128 1540 3179 comarcham
1573 3127 1624 3178 in
1656 3128 1855 3179 tributis
1884 3126 2147 3193 exigendis
2174 3124 2318 3177 adiu-

361 3228 521 3275 torem
559 3224 714 3275 fuisse
750 3224 1268 3289 κωμογραμματέως
1303 3225 1420 3275 satis
1455 3227 1672 3289 apparet.

417 3396 451 3446 1)
508 3396 616 3447 Pap.
653 3396 763 3436 Tebt.
797 3397 835 3445 I,
871 3397 957 3436 183.

415 3473 450 3524 2)
510 3474 600 3514 Hac
636 3486 794 3525 papyro
826 3475 1025 3515 docemur
1054 3475 1133 3515 reis
1163 3476 1204 3514 in
1235 3476 1369 3515 causis
1400 3475 1613 3515 fiscalibus
1643 3475 1907 3516 interdictum
1937 3474 2065 3515 fuisse
2094 3486 2146 3514 ne
2174 3475 2316 3525 patro-

360 3563 461 3591 num
489 3552 755 3600 adhiberent;
787 3552 838 3592 ef.
873 3553 913 3592 L.
948 3553 1148 3602 Wenger,
1178 3552 1333 3592 Archiv
1363 3553 1396 3592 ll
1429 3565 1468 3603 p.
1499 3554 1551 3594 49
1580 3564 1671 3603 sqq.

416 3628 450 3678 3)
507 3630 533 3668 l.
566 3629 592 3668 l.
623 3641 664 3679 p.
694 3631 888 3670 212—14.

414 3706 451 3756 4)
506 3707 532 3746 l.
564 3707 590 3746 l.
622 3719 661 3757 p.
693 3709 783 3748 213.
