2612 4412
1175 338 1239 388 79

222 495 498 563 βασιλικοῦ
558 494 737 550 δισσὰς
795 492 878 544 ἐπὶ
928 496 1019 543 τοῦ
1071 490 1331 557 βελτίστου
1385 490 1797 556 προστήσεσῄἳάι
1849 491 1962 557 τ]ῆς
2013 492 2181 556 φυλα-

222 597 324 661 κῆς
356 592 461 644 κτλ.
495 592 554 657 1).

290 687 429 740 Idem
475 687 701 739 dioeceta
746 685 844 736 iam
880 687 1024 735 antea
1059 682 1352 744 Theodoto,
1402 687 1478 748 τῷ
1511 681 1647 747 πρὸς
1682 686 1742 748 τῇ
1780 683 2057 748 οἰκονομίᾳ
2094 682 2182 732 καὶ

221 782 676 852 ἀρχιφυλακιτείᾳ,
724 781 908 832 litteras
943 778 1173 842 dederat,
1223 778 1291 829 δι’
1326 777 1406 830 ὧν
1442 777 1694 844 ἐδηλοῦτο
1731 777 2018 844 ἀναγκαῖον
2055 776 2181 828 εἶναι

218 878 710 947 μεταπεμφθέντων
756 878 826 935 εἷς
871 875 1052 928 κοινὸν
1088 875 1363 941 συνέδριον
1398 879 1503 925 τῶν
1539 874 1670 925 κατὰ
1707 874 1903 940 κώμην
1940 874 2182 924 δεκανῶν

219 979 334 1048 τῶνΙ
369 975 677 1043 φυλακιτῶν
720 974 993 1041 ληφθῆναι
1038 972 1168 1039 μετὰ
1205 977 1294 1039 τῆς
1329 973 1519 1023 ἑαυτοῦ
1557 971 1777 1038 γνώμης
1812 972 1876 1028 ἃς
1910 971 2181 1021 ὑπετίθετο

218 1072 595 1140 χειρογραφίας
640 1071 810 1137 ὅρκου
856 1070 1130 1136 βασιλικοῦ
1170 1068 1290 1135 περὶ
1324 1073 1414 1135 τῆς
1449 1072 1555 1119 τῶν
1591 1067 1833 1119 ἐπετείων
1870 1067 2181 1133 γενημάτων

218 1168 491 1236 τηρήσεως
523 1167 582 1232 2)-

289 1263 554 1316 Postremo
608 1262 959 1329 Asclepiadem
1017 1261 1275 1327 quendam
1330 1260 1596 1312 admonet:
1655 1259 1960 1326 φρόντι[σον
2006 1259 2180 1323 ὅ]πως

316 1399 328 1412 .
365 1400 377 1411 .
411 1358 548 1426 πρὸς
582 1363 690 1416 ταῖς
726 1358 1052 1425 οἰκονομίαις
1075 1357 1165 1408 καὶ
1201 1355 1722 1424 ἀρχιφυλακι[τ]είαις
1746 1354 2178 1422 προχειρι[σθῶ]-

218 1474 300 1508 σιν
335 1455 623 1522 ἀξιόλογοι,
670 1455 760 1507 καὶ
802 1459 909 1506 τῶν
955 1453 1088 1505 κατὰ
1138 1454 1230 1521 τὴν
1265 1454 1480 1521 τήρησιν
1516 1457 1623 1504 τῶν
1657 1456 1885 1518 καρπῶν
1921 1451 2053 1502 κατὰ
2089 1450 2178 1501 τὸν

215 1551 667 1628 ὗποὸεικνύμε-,νον
711 1551 909 1618 τρόπον
945 1551 1414 1617 οἷκονομηθέντων
1449 1550 1538 1601 καὶ
1573 1555 1662 1615 τῆς
1697 1550 1767 1605 εἷς
1808 1548 1865 1600 τὸ
1907 1546 2179 1613 βασιλικὸν

215 1652 323 1700 τῶν
361 1647 720 1716 καθηκόντων
771 1648 1096 1714 εἰσπράξεως
1152 1646 1541 1713 πρωιμώτερον
1597 1644 1944 1711 γενηθεί[σης]
2000 1643 2177 1709 μηθὲν

215 1746 287 1805 εἰς
331 1745 593 1812 ὀφείλημα
640 1745 855 1812 ἐκπέσηι
880 1746 948 1810 3),
996 1760 1127 1810 quae
1162 1744 1316 1796 verba
1352 1743 1417 1794 ita
1452 1742 1762 1808 interpretari
1801 1741 1977 1792 velim:
2030 1740 2177 1793 „vide

215 1845 271 1894 ut
303 1841 398 1894 viri
434 1841 578 1908 digni
615 1842 891 1908 οἰκονόμοι
934 1845 982 1893 et
1018 1840 1420 1908 ἀρχιφυλακῖται
1457 1839 1808 1901 nominentur,
1857 1837 1945 1903 qui
1983 1837 2176 1887 fructus

213 1941 411 1991 tuentes
446 1942 624 1991 curent
657 1954 723 1990 ne
758 1954 846 1990 rex
881 1938 1082 1990 minora
1116 1952 1270 2003 quam
1308 1936 1479 1988 debita
1513 1935 1774 2000 vectigalia
1807 1934 2056 2000 accipiat''.

283 2034 440 2088 Unde
471 2035 888 2102 archiphylacitae
912 2034 1379 2101 phylacitarumque
1403 2033 1559 2084 fuisse
1583 2032 1775 2083 fructus
1800 2031 1925 2082 tueri
1956 2032 2173 2095 apparet.

282 2129 425 2192 Quid
471 2130 569 2182 sibi
615 2130 770 2182 velint
814 2130 970 2181 verba
1016 2129 1099 2180 illa
1134 2128 1193 2180 τὰ
1229 2127 1693 2194 παραγραφόμενα
1728 2127 1864 2193 πρὸς
1899 2127 1989 2183 τὰς
2023 2127 2172 2191 βασι-

211 2225 362 2285 λικὰς
395 2227 752 2290 ἐπισκοπείας,
789 2226 1083 2292 explanatur
1115 2225 1245 2291 Pap.
1281 2225 1453 2275 Hibelz
1485 2225 1527 2286 I,
1566 2226 1654 2287 75,
1692 2224 1780 2275 ubi
1806 2223 2112 2274 Theodorus
2130 2223 2171 2286 4)

211 2321 422 2389 quidam
470 2322 732 2389 phylacitis
775 2309 967 2389 κώμης
1003 2321 1167 2373 Talais
1203 2322 1414 2387 imperat
1449 2324 1504 2372 ut
1538 2323 2002 2386 κωμογραμματεῖ
2030 2318 2172 2369 adiu-

211 2421 360 2471 vante
405 2418 669 2485 praedium
713 2417 856 2484 quod
903 2417 1119 2469 locatum
1166 2421 1262 2480 est,
1310 2417 1622 2468 emetiantur.
1674 2416 1833 2467 Addit
1867 2414 2173 2467 Theodorus

210 2530 267 2568 se
304 2516 370 2568 ab
406 2515 529 2582 ipsis
563 2515 809 2567 rationem
846 2518 1137 2566 exacturum
1169 2529 1298 2566 esse:
1336 2514 1414 2571 ὡς
1438 2513 1574 2579 πρὸς
1596 2513 1736 2580 ὑμᾶς
1757 2514 1843 2578 (sc.
1863 2512 2169 2578 φυλακίτας)

209 2615 303 2664 τοῦ
337 2610 500 2678 λόγου
536 2612 807 2678 ἐσομένου.

265 2904 301 2957 1)
355 2905 466 2958 Pap.
502 2905 612 2946 Tebt.
646 2905 684 2955 1,
715 2906 788 2955 27,
819 2906 987 2945 52—54.

263 2983 405 3027 Mente
432 2983 713 3035 supplendum
743 2994 831 3024 esse
861 2980 1068 3036 φυλακῆς
1098 2982 1170 3033 (sc.
1183 2981 1279 3035 γῆς)
1301 2993 1347 3021 ex
1373 2982 1422 3021 iis
1438 2992 1545 3032 quae
1561 2980 1831 3028 antecedunt,
1862 2980 1960 3020 satis
1985 2982 2167 3030 apparet.

263 3059 300 3113 2)
355 3062 466 3114 Pap.
502 3061 612 3102 Tebt.
646 3061 684 3111 1,
715 3063 789 3112 27,
820 3062 987 3102 29-34.

265 3139 489 3182 Exordium
505 3139 703 3192 epistolae
715 3140 910 3181 Hermiae
921 3139 1041 3180 datae
1057 3139 1135 3191 (vv.
1147 3141 1198 3179 27
1213 3139 1321 3190 sqq.)
1337 3149 1421 3179 non
1438 3141 1499 3178 est
1514 3138 1792 3189 perspicuum,
1813 3137 2052 3187 praesertim
2069 3148 2163 3177 cum

207 3218 396 3260 subiecto
434 3220 582 3260 careat.
626 3218 872 3260 Obscuritas
911 3218 1085 3259 fortasse
1125 3217 1389 3258 attribuenda
1427 3219 1487 3256 est
1525 3215 1715 3257 Menchis
1743 3215 2052 3266 neglegentiae,
2095 3216 2166 3265 qui

207 3297 417 3349 exemplar
450 3307 598 3348 parum
637 3296 901 3338 manifestum
942 3297 1214 3348 descripserit.
1258 3297 1409 3347 Legere
1447 3295 1611 3336 malim:
1657 3291 1710 3334 δι’
1746 3290 1811 3334 ὧν
1839 3290 2000 3347 ἐδήλου
2040 3294 2110 3344 (sc.
2143 3290 2169 3331 ὁ

207 3372 452 3430 ὀιοικητής)
481 3371 529 3417 τὸ
558 3372 798 3429 ἀναγκαῖον
833 3371 942 3416 εἶναι
972 3373 1065 3416 κτλ.
1098 3398 1129 3402 -
1159 3374 1295 3415 Verba
1322 3370 1430 3427 μετὰ
1460 3377 1535 3427 τῆς
1565 3370 1724 3414 ἑαυτοῦ
1755 3369 1935 3426 γνώμης
1965 3372 2017 3413 ad
2048 3372 2164 3412 dioe-

207 3454 340 3495 cetatn
369 3453 510 3504 potius
538 3463 663 3504 quam
693 3452 746 3494 ad
775 3452 1037 3494 Theodotum
1069 3453 1272 3503 pertinere
1301 3451 1560 3493 crediderim.

263 3530 300 3583 3)
357 3530 515 3573 Ibidem
544 3531 713 3573 21-26,

262 3607 299 3660 ⁶1)
355 3607 591 3658 Quemnam
631 3609 917 3660 magistratum
958 3608 1025 3649 hic
1063 3609 1248 3649 obtineat
1288 3618 1372 3648 non
1403 3608 1575 3648 constat.
1616 3606 1713 3646 Non
1746 3608 1806 3646 est
1835 3617 1907 3645 cur
1937 3604 2166 3645 editoribus

206 3686 510 3728 consentientes
538 3690 732 3738 putemus
760 3683 1116 3740 ἀρχιφυλακίτην
1145 3688 1216 3728 aut
1244 3682 1475 3739 ἐπιστάτην
1505 3688 1593 3726 τῶν
1614 3682 1874 3738 φ-υλακιτῶν
1904 3694 1997 3724 eum
2024 3682 2163 3723 fuisse.
