2612 4412
1159 363 1217 414 81

215 519 426 582 Quibus
482 533 588 570 non
644 517 823 570 solutis
879 531 969 568 eos
1020 516 1302 568 debitorem
1354 516 1547 582 cepisse
1596 517 1725 582 Pap.
1786 518 1913 568 Tebt.
1969 520 2017 581 1,
2075 520 2167 570 156

215 614 565 685 demonstrare
610 613 829 675 videtur,
877 612 967 663 ubi
1003 611 1110 663 duo
1145 611 1239 662 viri
1276 611 1488 677 praedes
1522 615 1641 662 sunt
1676 627 1770 677 pro
1805 613 2004 665 Alcimo
2039 629 2168 679 quo-

214 709 360 763 dam:
406 709 775 775 ὁμολογοῦμεν
819 706 1285 773 π[α]ρει[λ]ηφέναι
1331 705 1417 756 διὰ
1458 710 1555 757 σοῦ
1604 707 1690 771 (sc.
1734 707 2166 775 ἄρχιφυλακίτου)

206 805 459 872 Ἄλκιμον
512 804 797 872 Ἆρφάσιος
856 843 867 854 .
904 843 915 854 .
952 842 963 853 .
1000 842 1011 853 .
1072 801 1162 853 καὶ
1219 802 1442 869 ἡμέραις
1500 802 1581 859 αἶς
1636 804 1988 871 παραγγείλῃς
2045 806 2170 872 ἡμῖν

215 900 590 968 παρασ[τῆσ]αι
640 898 730 950 τὸν
779 898 1256 964 προγεγραμμένον
1295 896 1593 963 Ἅλ[κιμ]ον
1645 898 1700 948 ἒν
1752 898 1972 965 ἡμέραις
2022 901 2171 952 πέντε

216 996 579 1064 κομισαμένου
617 994 648 1046 δ
668 1033 897 1047 ........
917 1013 947 1044 ν
980 993 1084 1044 κτλ.

284 1092 451 1146 Verba
495 1090 555 1142 τὰ
590 1088 999 1157 παραδεδομένα
1035 1089 1171 1155 πρὸς
1206 1088 1366 1146 ἄλλας
1400 1089 1562 1147 αἰτίας
1596 1091 1887 1156 praesertim
1924 1094 2172 1158 pertinere

215 1187 282 1242 ad
317 1187 522 1251 multaS,
558 1186 821 1254 phylacitis
853 1185 1068 1249 solutaS,
1106 1184 1379 1237 verisimile
1413 1190 1500 1237 est.

284 1284 532 1351 Opponet
587 1282 798 1335 fortasse
854 1281 1108 1348 quispiam
1168 1284 1324 1333 aetate
1384 1282 1792 1336 Ptolemaeorum
1850 1285 2174 1352 πράκτορσιν

217 1377 512 1432 mandatum
558 1377 716 1430 fuisse
761 1380 817 1429 ut
860 1377 1100 1443 pecunias
1147 1377 1374 1430 residuas
1419 1379 1705 1445 multasque
1750 1380 2008 1446 exigerent
2018 1399 2030 1446 ;
2082 1382 2173 1434 sed

218 1474 345 1528 nihil
395 1473 588 1538 obstat,
641 1473 924 1540 quominus
969 1477 1207 1540 putemus
1253 1474 1526 1541 phylacitas
1569 1476 1873 1543 πράκτορος
1918 1477 2175 1530 ministros

218 1571 400 1636 fuisse,
435 1570 524 1637 qui
556 1570 875 1637 'superiorem
912 1570 1082 1622 locum
1119 1569 1382 1622 obtinebat
1413 1571 1472 1637 1).

287 1669 389 1722 lam
439 1667 766 1735 perspicuum
820 1670 894 1719 est
944 1682 1102 1733 quare
1153 1683 1240 1719 rex
1292 1668 1442 1720 etiam
1488 1669 1901 1736 archiphylacitas
1947 1672 2178 1724 nominet

219 1765 349 1819 inter
382 1765 700 1831 magistratus
732 1763 991 1829 vectigalia
1025 1763 1226 1830 exigere
1260 1764 1453 1817 iussos:

285 1861 498 1930 μηθένα
543 1860 601 1913 δὲ
641 1860 873 1928 λογεύειν
906 1860 1083 1928 μηθὲν
1116 1861 1262 1928 παρὰ
1298 1865 1404 1913 τῶν
1439 1861 1742 1929 γεω(ργῶν)
1779 1862 1869 1914 καὶ
1902 1866 2010 1915 τῶν
2042 1864 2176 1916 ὕπο-

218 1957 383 2012 τελῶν
427 1957 517 2010 καὶ
560 1960 668 2009 τῶν
701 1956 1163 2024 ἐπιπεπλεγμένων
1197 1961 1305 2014 ταῖς
1337 1957 1626 2023 προσόδοις
1659 1958 1749 2010 καὶ
1782 1958 2179 2026 μελισσουργῶν

203 2054 312 2108 *καὶ
343 2057 451 2107 τῶν
485 2053 661 2107 ἄλλων
695 2053 831 2107 ὥστε
865 2058 970 2111 τοῖς
1005 2058 1309 2120 στρατηγοῖς
1342 2053 1433 2104 καὶ
1467 2054 1756 2112 ἐπιστάταις
1789 2058 1896 2106 τῶν
1929 2056 2178 2123 φυμακι-

220 2151 349 2219 τῶν)
378 2150 469 2204 καὶ
498 2150 973 2219 ἀρχιφυ(λακίταις)
1006 2152 1038 2217 ἢ
1071 2149 1419 2217 οἶκο(νόμοις)
1453 2152 1486 2217 ἢ
1514 2155 1618 2208 τοῖς
1642 2152 1772 2218 παρ’
1795 2152 1972 2204 αὐτῶν
1996 2153 2101 2204 κτλ.
2121 2155 2179 2219 2).

223 2247 509 2317 Phylacitae
541 2250 709 2300 autem
743 2250 863 2299 sunt
898 2248 950 2299 οἵ
981 2246 1128 2313 παρὰ
1163 2251 1257 2298 τοῦ
1293 2246 1722 2314 ἀρχιφυλακίτου.

289 2345 530 2412 Superest
563 2347 619 2396 ut
653 2343 820 2410 regiae
855 2358 1083 2407 mensae,
1127 2358 1259 2409 quae
1293 2347 1396 2395 erat
1433 2343 1669 2410 Diospoli
1709 2345 1920 2410 Magna,
1969 2361 2180 2413 praepo-

220 2441 376 2495 situm
428 2440 708 2508 ἐγκυκλίου
741 2441 784 2507 3)
838 2442 938 2492 200
988 2440 1256 2492 drachmas
1305 2441 1556 2507 accepisse
1601 2456 2001 2494 commemorem
2048 2442 2181 2494 κατὰ

223 2537 318 2606 τὴν
365 2536 511 2604 παρὰ
564 2535 904 2604 Πρωτάρχου
957 2540 1049 2588 τοῦ
1095 2536 1509 2604 ἀρχιφυλακίτου
1558 2536 1860 2605 διαγραφὴν
1892 2538 1934 2603 4)
1982 2538 2078 2606 ὑφ’
2117 2541 2183 2607 ἣν

222 2634 526 2702 ὑπογράφει
553 2633 836 2700 Ἀρνοῢφις
871 2633 901 2685 ὁ
937 2633 1411 2700 τοπογραμματεύς
1444 2634 1503 2698 5).

227 2939 322 2970 mus
350 2928 462 2970 enim
492 2927 632 2978 nomi,
662 2926 986 2980 archiphylacita
1015 2937 1114 2968 vero
1143 2927 1223 2967 vici
1254 2927 1520 2978 magistratus
1548 2929 1622 2967 est.
1667 2926 1749 2968 Sed
1779 2927 1882 2967 nihil
1912 2927 2050 2968 obstat
2078 2938 2183 2979 quo-

229 3006 369 3048 minus
406 3006 688 3047 existimemus
725 3016 898 3046 munera
925 3005 1274 3058 archiphylacitae
1302 3007 1343 3046 et
1372 3008 1450 3046 τοῦ
1479 3001 1601 3058 παρὰ
1630 3007 1707 3046 τοῦ
1738 3002 1979 3058 οἰκονόμου
2007 3005 2078 3057 (de
2106 3006 2187 3047 hoc

227 3083 474 3136 magistratu
503 3083 556 3125 cf.
587 3083 699 3135 Pap.
732 3083 879 3135 Grens.
912 3083 973 3133 11,
1013 3084 1065 3125 37
1094 3085 1135 3124 et
1163 3084 1274 3135 Pap.
1304 3083 1410 3123 Lille
1437 3082 1476 3132 1,
1509 3083 1549 3132 1,
1578 3084 1627 3132 3,
1657 3082 1739 3133 71.)
1783 3083 1990 3124 interdum
2019 3083 2072 3125 ab
2101 3094 2187 3125 uno

228 3162 319 3205 viro
347 3163 464 3214 gesta
491 3172 591 3203 esse.

286 3239 322 3292 1)
378 3238 446 3281 Cf.
477 3239 685 3289 Wilcken,
718 3238 772 3280 G.
806 3238 858 3280 Ο.
889 3250 930 3290 p.
961 3239 1037 3280 565
1066 3241 1208 3280 annot.
1238 3240 1286 3288 2;
1317 3239 1427 3290 Pap.
1457 3238 1737 3290 Elephantine
1762 3250 1803 3290 p.
1833 3238 1898 3281 34.

286 3317 323 3371 2)
378 3318 490 3370 Pap.
525 3317 636 3359 Tebt.
669 3317 707 3367 1,
736 3319 784 3368 5,
819 3318 1035 3358 155-160.

287 3395 326 3448 8)
383 3395 448 3437 De
476 3395 558 3438 hoc
583 3395 777 3447 vectigali
806 3395 860 3436 cf.
892 3395 1098 3444 Wileken,
1131 3394 1186 3436 O.
1219 3394 1271 3436 Ο.
1303 3407 1344 3447 p.
1379 3396 1452 3436 182
1480 3406 1572 3447 sqq.

290 3472 327 3527 4)
384 3473 450 3516 De
477 3474 605 3516 huius
631 3473 747 3516 verbi
777 3473 1087 3525 significatione
1116 3473 1168 3515 cf.
1199 3485 1325 3525 supra
1353 3484 1394 3525 p.
1423 3475 1498 3523 41,
1529 3475 1670 3515 annot.
1699 3475 1739 3514 4.

289 3551 326 3606 δ)
382 3554 494 3606 Pap.
524 3553 630 3595 Brit.
659 3553 778 3594 Mus.
811 3552 866 3594 111
898 3564 938 3603 p.
968 3554 1007 3593 2.

293 3631 387 3674 lure
428 3632 565 3674 editor
592 3631 787 3674 adnotat:
834 3631 892 3680 „tt
917 3631 955 3672 is
983 3642 1072 3672 new
1100 3632 1141 3672 to
1160 3630 1268 3683 sind
1295 3630 1378 3671 this
1406 3630 1554 3683 officer
1578 3630 1650 3682 (sc.
1681 3629 1948 3683 archiphyl.),
1989 3629 2059 3671 the
2083 3628 2194 3670 head

235 3709 291 3762 of
310 3709 381 3752 the
408 3710 558 3762 village
578 3709 734 3761 police,
775 3709 1054 3761 autltorlzing
1090 3709 1160 3750 the
1191 3710 1395 3760 payment
1420 3708 1474 3760 os
1494 3710 1609 3749 tam
1635 3709 1724 3749 into
1754 3708 1822 3749 the
1839 3695 2010 3760 'official
2035 3708 2190 3748 bank.''

2001 3779 2026 3820 6
