2612 4412
1361 385 1454 435 100

1374 641 1432 691 V.

495 854 851 906 Mommsenus
889 854 969 918 (R.
1009 854 1074 905 G.
1109 854 1167 916 V,
1204 870 1252 919 p.
1289 853 1406 918 559)
1442 852 1507 904 de
1543 852 1845 919 Lagidarum
1881 853 2024 919 regni
2059 853 2377 906 administra·

425 978 564 1030 tione
600 978 752 1030 nimis
787 977 1034 1031 benevole
1068 978 1265 1030 iudicat.

1359 1238 1439 1288 Vl.

494 1450 727 1502 Tibullus
786 1451 851 1515 (1,
905 1452 949 1514 7,
1009 1451 1188 1516 1—28)
1248 1451 1318 1502 M.
1371 1450 1554 1503 Valerii
1613 1450 1876 1503 Messallae
1928 1465 2008 1502 res
2057 1454 2222 1516 gestas
2274 1464 2380 1506 non

427 1576 609 1627 ordine
655 1580 937 1628 enumerat:
985 1575 1237 1642 expeditio
1284 1576 1419 1627 enim
1466 1576 1518 1627 in
1561 1576 1825 1629 Orientem
1860 1576 1987 1628 facta
2020 1575 2280 1628 victoriam
2315 1575 2381 1627 ab

427 1671 692 1766 Aquitanis
727 1704 1027 1767 reportatam
1062 1705 1290 1767 tempore
1323 1702 1581 1754 antecedit.

1353 1959 1456 2010 VII.

496 2173 550 2222 ln
597 2187 776 2224 eorum
819 2172 1115 2224 sententiam
1149 2172 1377 2224 eundum
1413 2187 1522 2224 esse
1557 2187 1740 2225 censeo
1775 2173 1863 2239 qui
1899 2172 1964 2224 de
1999 2171 2196 2226 Cleone
2228 2173 2382 2225 Athe-

428 2297 590 2351 niensi
627 2299 758 2351 bene
791 2297 1089 2351 existimant.

1343 2516 1470 2567 VIII.

496 2730 681 2782 Iniuria
717 2729 987 2783 Belochius
1033 2730 1121 2795 (G.
1159 2730 1225 2782 G.
1263 2731 1306 2794 1,
1343 2747 1391 2797 p.
1427 2732 1492 2781 72
1525 2744 1663 2796 sqq.;
1699 2731 1841 2781 Mus,
1876 2730 2040 2788 Rhea.
2075 2730 2141 2782 49
2179 2729 2380 2796 (1894),

427 2873 475 2923 p.
524 2858 609 2907 111
662 2858 793 2923 sqq.)
848 2857 1128 2910 Phoenices
1178 2855 1495 2923 temporibus
1546 2855 1922 2922 antiquioribus
1973 2870 2090 2907 cum
2142 2855 2381 2922 gentibus

426 2985 601 3051 Aegeo
636 2985 761 3036 mari
796 2983 1139 3037 accolentibus
1172 2982 1535 3036 commercium
1571 2981 1854 3035 exercuisse
1886 2981 2117 3048 denegat.

1362 3243 1441 3293 IX.

497 3457 683 3509 Iniuria
718 3457 990 3509 Eduardus
1027 3457 1204 3524 Meyer
1239 3457 1572 3509 Israelitarum
1608 3457 1798 3508 exitum
1839 3470 1901 3507 ex
1932 3455 2167 3522 Aegypto
2201 3453 2377 3506 fictum

428 3598 538 3636 esse
582 3583 844 3650 opinatur;
880 3583 1052 3661 ‘Immo
1098 3595 1300 3635 summa
1346 3596 1541 3646 rerum,
1596 3596 1727 3648 quae
1774 3581 1827 3632 in
1877 3581 2009 3634 Iibro
2059 3577 2219 3632 Exodi
2266 3587 2379 3630 nar-

429 3713 622 3774 rantur,
658 3725 775 3761 vera
808 3714 894 3762 est.
