2612 4412
1183 346 1246 395 75

308 499 462 552 Unde
507 499 947 566 archiphylacitam
997 501 1035 550 11
1083 503 1197 551 ante
1245 499 1304 551 C.
1348 501 1548 552 saeculo
1585 516 1638 551 re
1673 516 1790 552 vera
1826 501 1994 552 locum
2033 502 2193 554 multo

236 594 551 661 superiorem
590 595 829 647 habuisse
863 595 1064 646 videtur
1098 611 1251 660 quam
1288 596 1490 646 saeculo
1530 597 1606 646 ΙΙΙ.

303 689 403 743 Sed
451 691 503 741 hi
552 691 933 756 magistratuum
982 691 1214 754 ordines,
1262 691 1350 756 qui
1393 691 1708 743 diversarum
1744 691 2194 744 administrationis

235 786 615 851 provinciarum
674 787 812 839 viros
864 787 1176 850 contineant,
1235 787 1465 839 adhiberi
1519 803 1624 838 non
1662 792 1879 854 possunt
1914 791 1969 839 ut
2006 788 2193 853 singuli

236 881 556 947 magistratus
589 897 691 948 qua
725 862 966 948 dignitate
1001 882 1188 933 fuerint
1223 882 1545 934 definiamus.
1590 883 1742 944 Quos
1776 883 1817 934 si
1848 898 2192 948 sequeremur,

234 977 700 1044 archiphylacitam,
737 978 824 1044 qui
861 979 1055 1045 κώμης
1090 979 1409 1044 magistratus
1445 983 1542 1042 est,
1579 982 1628 1030 et
1662 979 1943 1046 ἐπιμελητῇ
1974 982 2022 1029 et
2051 979 2194 1029 οἰκο-

234 1073 390 1140 νόμῳ
420 1066 489 1125 ¹e‘t
538 1074 796 1142 βασιλικῷ
849 1080 1149 1142 γραμματεῖ
1193 1079 1241 1126 et
1286 1081 1363 1142 τῷ
1407 1075 1489 1126 ἐπὶ
1535 1079 1642 1126 τῶν
1687 1074 2003 1141 προσόδων,
2052 1074 2194 1125 nomi

235 1169 632 1235 magistratibus,
681 1171 1025 1237 praepositum
1074 1172 1231 1223 fuisse
1277 1172 1561 1223 existimare
1608 1187 1703 1224 nos
1750 1175 2019 1238 oporteret.
2081 1171 2197 1222 Hoc

233 1268 426 1317 tantum
465 1266 504 1316 11
540 1266 724 1318 saeculi
761 1267 955 1318 tabellis
990 1267 1327 1320 demonstrari
1364 1268 1566 1320 videtur
1599 1245 2042 1335 archiphylacitam
2074 1267 2195 1318 sub-

234 1361 417 1414 iectum
447 1362 605 1414 fuisse
634 1369 710 1430 τῷ
733 1363 972 1430 ἐπιστάτῃ
999 1367 1105 1415 τῶν
1129 1364 1460 1430 φυλακιτῶν,
1491 1365 1579 1431 qui
1605 1366 1759 1417 totius
1784 1365 1927 1417 nomi
1954 1364 2196 1415 ministris

233 1457 452 1525 publicis
487 1463 724 1525 praeerat,
773 1459 933 1520 Quod
971 1462 1262 1527 praesertim
1300 1462 1489 1513 efficias
1525 1478 1586 1513 ex
1609 1462 1738 1528 Pap.
1768 1461 2000 1528 Grenfell
2021 1462 2083 1524 11,
2110 1461 2174 1511 37
2183 1478 2194 1524 ;

233 1569 365 1619 quae
410 1569 527 1606 cum
559 1554 854 1622 ’φυλακίτην
888 1559 1002 1607 ante
1036 1557 1308 1622 βασιλικὸν
1344 1559 1655 1624 γραμματέα
1693 1561 1980 1621 enumeret,
2027 1561 2194 1608 tamen

234 1664 389 1703 nemo
425 1650 566 1702 illum
603 1651 724 1702 huic
757 1651 1074 1717 superiorem
1110 1652 1266 1704 fuisse
1302 1653 1609 1719 opinabitur.

303 1747 536 1799 Eundem
574 1747 727 1814 igitur
761 1748 930 1800 locum
969 1749 1381 1816 ἀρχιφυλακίτης
1416 1750 1609 1817 κώμης
1644 1754 1692 1801 et
1729 1751 1788 1801 Ill
1829 1754 1876 1801 et
1910 1751 1948 1800 ΙΙ
1985 1754 2099 1801 ante
2135 1748 2194 1800 C.

233 1844 436 1896 saeculo
471 1844 705 1896 obtinuit.

301 1939 402 1992 Sed
452 1941 514 1992 111
561 1941 763 1994 saeculo
810 1946 1004 2008 praeter
1039 1958 1157 1994 eum
1194 1946 1324 1994 extat
1359 1943 1772 2010 ἀρχιφυλακίτης
1807 1942 1997 2007 τόπου;
2041 1958 2195 2008 quem

235 2051 351 2087 cum
390 2037 429 2088 11
465 2037 650 2089 saeculi
686 2039 863 2105 papyri
897 2039 1098 2091 silentio
1133 2043 1409 2103 transeant,
1447 2040 1622 2091 ceteris
1652 2055 1773 2091 vero
1800 2040 2195 2105 magistratibuS,

234 2131 426 2198 quibus
483 2134 721 2186 securitas
781 2135 985 2200 publica
1036 2136 1272 2187 mandata
1323 2139 1397 2187 est
1449 2136 1500 2187 in
1557 2136 1738 2188 iisdem
1791 2137 1995 2203 papyris
2047 2152 2196 2202 saepe

233 2231 668 2294 commemoratis,
704 2234 825 2282 tunc
859 2247 976 2283 eum
1013 2233 1269 2284 sublatum
1305 2233 1462 2284 fuisse
1498 2233 1770 2285 verisimile
1806 2237 1891 2285 est.

304 2324 385 2376 De
417 2326 806 2393 archiphylacita
840 2312 1005 2379 τόπου
1041 2329 1318 2380 edocemur
1351 2330 1481 2395 Pap.
1505 2330 1678 2380 Hibelz
1714 2331 1756 2393 1,
1781 2331 1846 2380 34
1871 2333 1918 2380 et
1943 2331 2029 2392 73,
2065 2345 2195 2395 quae

233 2419 298 2472 ad
347 2421 561 2473 eandem
609 2438 810 2475 causam
856 2425 1129 2490 pertinent:
1178 2426 1230 2477 in
1267 2426 1350 2477 illa
1384 2426 1675 2492 Antigonus
1710 2426 1947 2492 quidam,
1998 2426 2087 2492 qui
2123 2430 2197 2477 est

232 2516 621 2584 archiphylacita
667 2519 744 2570 vel
792 2520 1040 2586 phylacita
1085 2521 1303 2588 κώμης,
1359 2537 1530 2587 regem
1577 2523 1704 2587 adit,
1762 2523 2059 2586 Patronem,
2107 2522 2196 2573 τὸν

237 2613 734 2682 [φυλα]κιτε[ύ]οντα
782 2617 874 2683 τὴν
920 2618 1067 2668 κάτω
1115 2619 1486 2685 τοπαρχίανΙ),
1534 2620 1700 2671 virum
1748 2635 1777 2670 a
1822 2635 1876 2671 se
1922 2623 2122 2685 captum
2169 2635 2196 2670 e

150 2773 154 2775 ‚
233 2710 450 2764 vinculis
482 2712 756 2764 abduxisse
791 2717 999 2779 questus
1011 2732 1023 2778 ;
1061 2714 1110 2765 in
1149 2714 1242 2766 hac
1276 2715 1412 2766 idem
1441 2715 1686 2779 Dorioni,
1724 2721 1800 2782 τῷ
1824 2715 2063 2782 ἐπιστάτῃ
2089 2719 2196 2766 τῶν

233 2807 540 2875 φυλακιτῶν
586 2814 676 2862 τοῦ
722 2814 920 2876 νομοῦ,
968 2810 1056 2876 qui
1105 2814 1161 2861 ut
1205 2811 1371 2862 virum
1421 2812 1564 2862 illum
1609 2815 1806 2878 caperet
1841 2812 2195 2878 imperaverat,

233 2903 582 2957 excusationes
615 2906 829 2972 profert,
869 2907 1164 2971 Patronem,
1203 2907 1618 2975 ἃρχιφυλακίτην
1653 2908 1763 2975 τῆ[ς
1798 2908 1964 2973 κάτω]
1999 2926 2194 2973 τοπαρ-

233 3000 402 3067 χίαςῖ)
437 3015 692 3053 accusans.

301 3095 625 3162 Magistratus
661 3097 852 3163 itaque,
890 3099 970 3149 cui
1010 3113 1191 3150 omnes
1226 3099 1644 3166 archiphylacitae
1680 3100 1873 3166 κώμης
1908 3115 1998 3166 per
2032 3103 2193 3152 totum

233 3190 396 3244 τόπον
431 3197 628 3260 parent,
663 3194 967 3261 appellatur:
1006 3195 1036 3246 ὁ
1073 3195 1486 3263 ἀρχιφυλακίτης
1521 3201 1612 3247 τοῦ
1648 3196 1813 3248 τόπου
1849 3197 1926 3248 vel
1965 3197 1995 3247 ὁ
2025 3196 2194 3263 φυλα-

234 3288 456 3341 κιτεύων
490 3288 580 3342 τὸν
614 3290 790 3342 τόπον.

290 3533 326 3586 1)
382 3533 449 3576 Cf.
480 3547 518 3576 v.
553 3538 586 3576 l.

290 3610 430 3654 Altera
457 3624 638 3666 papyrus
667 3626 714 3655 ex
745 3615 873 3657 altera
901 3617 1093 3667 suppleta
1122 3620 1195 3658 est.

289 3688 326 3741 2)
381 3689 448 3732 cf.
478 3703 516 3732 v.
551 3692 610 3733 10.
