2612 4412
1372 453 1403 501 2

476 608 682 659 Secutae
717 613 836 658 sunt
871 607 1118 658 editiones
1154 608 1392 670 maiores,
1434 609 1560 659 inter
1595 625 1721 674 quas
1756 616 1896 662 sunt:

478 703 702 768 „Papyri
737 703 912 767 graeci
958 703 1109 767 Regii
1150 704 1329 754 Musei
1371 704 1614 770 Aegyptii
1666 707 1993 759 Taurinensis
2038 683 2165 761 cdiii
2207 715 2362 777 atque

407 800 678 849 illustrat?
736 798 800 849 ab
847 798 1077 849 Amadeo
1127 799 1328 864 Peyron
1377 800 1506 864 (Vol.
1558 802 1572 850 1
1629 802 1777 865 1826,
1838 803 1875 853 11
1920 805 2087 870 1827);
2141 822 2358 871 quarum

406 897 643 948 tredecim
680 897 891 962 scriptae
927 899 1045 947 sunt
1078 901 1233 947 aetate
1272 897 1591 962 Lagidarum.
1631 900 1795 965 (Pap.
1833 902 2052 967 Taur.).

473 993 712 1044 Eiusdem
763 992 970 1044 editoris
1017 1002 1157 1044 sunt:
1210 994 1425 1058 „Papiri
1460 975 1766 1060 greco-egizi
1797 997 1856 1047 di
1886 998 2051 1048 Zoide
2083 999 2197 1049 dell'
2234 1000 2356 1065 Imp.

402 1092 464 1149 R.
511 1092 697 1142 Museo
751 1092 809 1141 di
856 1090 1076 1142 ῐίίεηηαΗ
1116 1090 1315 1155 (1828),
1382 1107 1512 1155 quae
1564 1095 1682 1142 sunt
1734 1092 1865 1144 duae
1916 1094 2140 1159 apochae
2192 1094 2357 1159 regiae

404 1204 607 1240 mensae
644 1187 1007 1253 Memphitidis.
1047 1187 1209 1252 (Pap.
1248 1187 1422 1251 Zois)
1443 1188 1499 1252 1).

470 1285 583 1335 l-los
618 1286 818 1334 secutus
848 1285 921 1333 est
946 1286 1116 1333 noster
1142 1283 1409 1345 Leemans,
1447 1283 1534 1347 qui
1560 1298 1696 1334 anno
1728 1285 1852 1334 1843
1879 1284 2058 1335 edidit:
2099 1285 2358 1351 „Papyros

393 1396 604 1446 graecos
626 1381 691 1430 M
694 1380 805 1431 asei
823 1379 1110 1444 antiquarii
1125 1379 1323 1444 publici
1335 1380 1580 1444 Lugduni
1595 1380 1824 1443 Batavi'',
1846 1397 2060 1446 quarum
2088 1382 2356 1448 pleraeque

401 1479 650 1544 pertinent
684 1477 748 1527 ad
783 1479 990 1527 aetatem
1030 1476 1451 1526 Ptolemaeorum.
1492 1477 1655 1542 (Pap.
1695 1476 1902 1542 Leid.).

464 1576 618 1626 Anno
655 1589 810 1640 porro
853 1574 977 1623 1865
1014 1572 1175 1623 editae
1198 1575 1317 1623 sunt
1341 1572 1516 1638 papyri
1548 1588 1678 1638 quae
1703 1578 2067 1624 conservantur
2091 1574 2142 1624 in
2169 1575 2353 1626 Museo

401 1671 706 1733 Louvrensi;
759 1685 888 1734 quae
924 1668 1077 1719 editio
1125 1669 1322 1734 incepta
1363 1684 1392 1719 a
1429 1669 1702 1720 Letronnio
1740 1669 1957 1734 perfecta
1991 1674 2064 1720 est
2098 1685 2126 1720 a
2164 1670 2354 1720 Brunet

397 1769 462 1818 de
499 1767 669 1818 Presle
704 1770 751 1817 et
788 1767 973 1830 Egger:
1015 1765 1251 1818 „Notices
1279 1767 1330 1815 et
1354 1768 1506 1816 textes
1535 1766 1624 1817 des
1648 1782 1875 1831 papyrus
1899 1782 2042 1831 grecs
2071 1768 2142 1817 du
2171 1767 2356 1818 Muse'e

396 1865 467 1914 da
501 1865 694 1914 Louvre
725 1866 776 1913 et
806 1862 870 1912 de
902 1863 955 1912 la
988 1861 1345 1925 Bibliotheque
1378 1862 1678 1926 impe‘riald'.

462 1959 804 2011 Continentur
840 1959 938 2010 hoc
972 1958 1235 2009 volumine
1270 1959 1445 2024 papyri
1482 1960 1570 2021 71,
1609 1974 1824 2024 quarum
1863 1959 2111 2024 plurimae
2139 1959 2350 2025 scriptae
2402 1941 2404 1944 ‚

395 2060 514 2108 sunt
551 2055 852 2107 Ptolemaeis
887 2055 1230 2119 regnantibus.
1269 2055 1433 2121 (Pap.
1473 2055 1709 2121 Paris).

462 2154 756 2205 Editionum
805 2152 1151 2217 antiquiorum
1201 2155 1460 2217 postremo
1509 2152 1591 2203 hic
1636 2157 2085 2204 commemoretur:
2137 2153 2348 2207 „Actenss

390 2253 563 2304 stiicke
595 2266 694 2302 aas
728 2250 820 2301 der
847 2250 1038 2314 kc'inigl.
1074 2250 1226 2300 Bank
1258 2265 1326 2300 za
1368 2249 1563 2301 Theben
1600 2250 1654 2300 in
1690 2249 1787 2300 den
1821 2250 1887 2299 M
1889 2265 2039 2300 useen
2061 2265 2130 2301 Ζιι
2147 2250 2344 2314 Berlin,

388 2350 628 2411 Londotz‚
666 2348 862 2409 Paris”,
900 2346 1032 2398 edita
1065 2346 1130 2398 ab
1168 2346 1411 2399 Udalrico
1443 2346 1670 2397 Wilcken
1709 2346 1760 2397 in
1790 2346 2236 2412 „Ablzandlangen
2260 2347 2355 2399 der

387 2445 558 2497 Akad.
607 2444 699 2495 der
739 2444 886 2494 Wiss.
941 2443 996 2493 in
1047 2443 1248 2493 Berlin''
1305 2443 1456 2505 1886,
1502 2442 1739 2507 Anhang
1775 2458 1858 2508 pp.
1900 2443 2074 2494 1—68.
2115 2443 2343 2509 (Acten-

386 2545 479 2593 stu
492 2542 614 2605 cke)
634 2541 692 2606 2).

456 2637 667 2703 Papyri,
721 2636 787 2687 de
844 2635 1035 2701 quibus
1083 2635 1349 2701 hucusque
1397 2636 1620 2700 egimuS,
1684 2635 1814 2687 forte
1865 2639 2057 2687 tantum
2112 2637 2345 2688 inventae

385 2739 549 2798 erant,
587 2735 891 2800 plerumque
925 2737 1122 2799 emptae
1155 2733 1220 2784 ab
1256 2733 1526 2797 indigenis.
1564 2733 1636 2784 Ex
1671 2748 1808 2785 anno
1839 2749 1961 2785 vero
1997 2735 2122 2784 1877
2165 2734 2340 2800 papyri

385 2833 499 2883 data
553 2846 708 2897 opera
761 2834 1021 2881 eruuntur.
1094 2829 1325 2880 Primum
1379 2829 1594 2881 effossae
1646 2833 1788 2881 sunt:
1844 2830 2066 2895 „Papyri
2107 2830 2344 2882 Flindets

381 2929 590 2990 Petrie'',
629 2928 789 2979 editae
824 2927 888 2978 ab
927 2928 1114 2978 Ioanne
1147 2927 1201 2978 P.
1227 2926 1455 2992 Mahaffy
1479 2927 1714 2991 (Dublini
1741 2927 1852 2978 Vol.
1881 2927 1895 2976 1
1928 2927 2046 2977 1891
2066 2967 2078 2989 ‚
2118 2927 2155 2978 ll
2187 2927 2311 2978 1893
2325 2967 2343 2990 „

380 3117 648 3125 ..ᾴῲ-

433 3252 469 3302 1)
529 3253 679 3292 Denuo
722 3251 855 3292 editae
896 3253 991 3291 sunt
1030 3262 1055 3290 a
1093 3249 1246 3291 Carolo
1286 3250 1489 3300 Wessely,
1535 3249 1641 3297 „Die
1679 3249 1844 3289 Grieclz.
1886 3249 2051 3301 Papyri
2079 3250 2156 3290 der
2178 3251 2335 3292 kather-

377 3330 510 3370 lichen
557 3329 864 3380 Sammltmgen
914 3329 1050 3368 Wiens
1070 3325 1174 3378 *(Xl
1198 3327 1513 3379 Jahresbeticlzt
1568 3327 1672 3367 iiber
1709 3327 1790 3367 das
1831 3327 1870 3367 k.
1917 3328 1955 3367 k.
2000 3328 2333 3380 Franz-„loseph-

380 3406 665 3458 Gymnasium
694 3408 740 3446 itt
777 3407 913 3456 Wien,
945 3406 1079 3456 1885).

431 3485 531 3536 Agit
560 3485 613 3525 de
642 3486 707 3525 his
736 3486 903 3537 papyris
932 3484 1115 3525 Wilcken
1148 3485 1189 3523 in
1224 3482 1513 3531 „Actenstticke
1535 3495 1616 3523 aas
1635 3483 1711 3523 der
1734 3483 1890 3534 kimigl.
1911 3484 2036 3524 Bank
2061 3496 2115 3523 zu
2142 3484 2332 3525 leeben”

374 3574 415 3612 p.
445 3564 496 3602 22
525 3574 588 3613 sq.
2032 3610 2034 3612 ,

429 3640 465 3691 2)
524 3640 588 3680 De
618 3641 762 3680 ceteris
791 3640 1046 3680 editionibus
1074 3639 1381 3689 antiquioribus
1410 3639 1461 3678 cf.
1494 3639 1746 3687 Lumbroso,
1777 3638 2025 3680 Reclzerclzes
2051 3651 2131 3679 sur
2154 3639 2330 3680 [ἐι-οπο·

374 3719 457 3758 mie
477 3718 685 3769 politique
708 3718 762 3758 de
785 3706 985 3769 l’Egypte
1008 3729 1111 3757 sous
1139 3717 1197 3757 les
1224 3717 1405 3767 Lagides
1434 3717 1570 3767 (Taur.
1605 3716 1746 3767 1870),
1781 3716 1910 3757 Praei.
1941 3727 2011 3767 pp.
2042 3717 2180 3756 v—X.

431 3796 514 3835 Hic
543 3796 638 3836 illae
667 3797 828 3836 tantum
859 3796 1020 3836 adlatae
1049 3797 1167 3843 sunt,
1199 3795 1352 3845 quibus
1381 3795 1458 3835 hac
1487 3795 1528 3834 in
1560 3794 1846 3835 dissertatione
1875 3796 2049 3834 utemur.
