2612 4412
1406 406 1470 455 82

527 558 697 619 Quam
745 559 813 610 ob
860 575 966 610 rem
1013 559 1095 611 hic
1132 560 1519 627 archiphylacita
1554 559 1853 626 διαγραφὴν
1888 559 2083 610 dederit
2117 575 2305 626 neque,
2354 567 2410 616 ut

458 654 568 706 fieri
615 655 764 718 solet,
811 656 1065 721 vectigalis
1101 655 1418 722 (ἐγκυκλίου)
1456 656 1756 718 conductor,
1806 670 1910 707 non
1946 660 2162 722 apparet.
2219 658 2409 725 Utique

460 750 780 802 manifestum
824 751 882 802 fit
922 751 1360 819 archiphylacitam
1395 752 1532 803 varia
1566 767 1778 803 munera
1814 752 2051 803 habuisse
2085 752 2148 803 ad
2185 768 2264 806 res
2297 754 2407 807 fisci

458 847 755 912 pertinentia
789 847 845 913 1).

513 1003 558 1053 2.
631 1002 721 1054 De
767 1003 1154 1054 muneribus
1198 1004 1274 1054 ad
1321 1003 1747 1069 disciplinam
1794 1002 2354 1069 securitatemque

988 1099 1318 1165 publicam
1367 1098 1876 1165 pertinentibus.

522 1238 682 1299 Quod
717 1238 889 1290 attinet
920 1238 984 1290 ad
1020 1239 1176 1291 officii
1213 1243 1428 1306 partem,
1467 1240 1531 1291 de
1564 1256 1665 1306 qua
1695 1241 1960 1306 hucusque
1990 1240 2212 1306 egimuS,
2248 1240 2408 1293 archi-

456 1333 702 1399 phylacita
736 1334 1113 1400 phylacitaeque
1140 1334 1350 1387 subiecti
1379 1339 1497 1387 sunt
1526 1341 1602 1402 τῷ
1630 1335 1713 1387 ἐπὶ
1741 1339 1848 1387 τῶν
1875 1335 2190 1402 προσόδων,
2225 1335 2407 1388 iisdem

455 1445 602 1494 vero,
651 1430 999 1482 ministrorum
1035 1430 1358 1496 publicorum
1395 1431 1695 1482 muneribus
1731 1431 2086 1496 iungentibus,
2133 1435 2328 1498 praeest
2361 1435 2410 1484 et

455 1525 725 1593 ἐπιστάτης
758 1530 863 1578 τῶν
896 1526 1201 1593 φυλακιτῶν
1234 1531 1326 1578 τοῦ
1360 1531 1531 1593 νομοῦ
1566 1529 1614 1578 et
1647 1526 1916 1593 ἐπιστάτης
1950 1527 2166 1594 κώμης,
2203 1527 2268 1579 de
2301 1542 2408 1594 quo

455 1621 507 1671 in
543 1622 701 1687 capite
735 1622 964 1688 sequenti
999 1637 1224 1688 agemus.

523 1717 792 1784 phylacitis
843 1718 1075 1784 publicae
1121 1717 1398 1769 securitatis
1432 1733 1490 1769 ac
1545 1718 1842 1784 disciplinae
1893 1733 2066 1770 curam
2118 1718 2406 1771 mandatam

453 1813 630 1877 fuisse,
664 1814 714 1864 id
740 1813 883 1879 quod
913 1814 1012 1864 iam
1040 1813 1346 1865 Lumbrosio
1371 1817 1632 1880 expertum
1651 1815 1715 1880 2),
1753 1814 1928 1880 papyri
1953 1814 2161 1879 docent,
2188 1830 2405 1881 quarum

454 1910 702 1961 nonnulla
737 1909 966 1975 exempla
999 1909 1180 1960 afferre
1215 1908 1340 1959 mihi
1377 1908 1544 1960 liceat:

521 2006 873 2071 Euphronius,
911 2005 999 2071 qui
1037 2004 1320 2070 οἰκονόμος
1350 2020 1459 2056 esse
1478 2004 1697 2068 videtur,
1733 2005 1797 2056 ad
1823 2005 2095 2070 Milonem,
2130 2006 2406 2074 πράκτορα

452 2105 558 2153 τῶν
615 2103 796 2167 ἱερῶν,
856 2101 1006 2152 refert
1061 2116 1115 2152 se
1172 2100 1471 2167 phylacitam
1532 2101 1737 2153 iussisse
1787 2101 1955 2166 viros,
2014 2102 2103 2168 qui
2157 2102 2406 2155 Milonem

451 2198 762 2261 vexaverint,
812 2198 864 2248 in
900 2197 1102 2248 vincula
1135 2197 1366 2249 conicere
1399 2197 1457 2262 3).

517 2294 760 2345 Mulieres
795 2293 926 2344 duae
960 2293 1160 2344 vineam
1201 2292 1542 2344 custodientes
1572 2297 1719 2345 nocte
1758 2309 1787 2345 a
1824 2294 2207 2360 praedatoribus
2234 2296 2406 2363 oppri-

451 2394 682 2442 muntur:
725 2393 930 2456 postero
965 2390 1048 2441 die
1084 2390 1356 2456 phylacitas
1390 2393 1648 2442 arcessunt
1680 2391 1738 2456 4).

515 2487 781 2552 Agricolae
838 2486 973 2550 du0,
1032 2487 1121 2553 qui
1174 2490 1425 2553 pastorem
1477 2486 1868 2553 deprehendunt
1918 2502 2125 2553 gregem
2177 2487 2229 2539 in
2281 2502 2406 2554 agro

450 2587 659 2635 crotone
692 2586 800 2635 sato
836 2586 1146 2650 pascentem,
1196 2584 1457 2650 phylacitis
1492 2600 1610 2636 eum
1645 2584 1849 2635 tradunt
1881 2584 1940 2650 5).
2226 2590 2229 2594 ’

518 2679 871 2746 Heracleopoli
917 2679 1305 2746 archiphylacita
1350 2680 1600 2746 quosdam
1648 2679 1822 2732 fabros
1866 2679 2066 2732 navales
2099 2680 2187 2746 qui
2223 2680 2404 2733 urbem

448 2780 731 2840 transeunt,
767 2776 897 2842 capit
907 2795 919 2841 ;
956 2792 1047 2828 cur
1080 2775 1132 2827 id
1167 2776 1360 2840 fecerit,
1399 2792 1506 2828 non
1540 2779 1745 2843 apparet
1777 2777 1837 2842 6).

502 3038 538 3089 1)
596 3038 641 3078 In
670 3039 782 3089 Pap.
822 3037 962 3077 Hibelz
994 3037 1033 3086 1,
1066 3038 1140 3078 110
1155 3069 1164 3087 ,
1193 3039 1244 3078 45
1274 3039 1314 3078 et
1351 3039 1403 3079 49
1431 3039 1632 3088 pecuniae
1660 3038 1866 3089 quaedam
1895 3038 2128 3090 phylacitae
2156 3039 2401 3090 solvuntur,

447 3117 520 3157 sed
549 3118 688 3156 utrum
717 3115 769 3156 de
797 3127 841 3155 re
869 3116 1027 3166 privata
1055 3127 1108 3156 an
1137 3116 1307 3166 publica
1335 3118 1483 3166 agatur
1511 3128 1596 3157 non
1626 3118 1818 3167 apparet.

502 3194 538 3246 2)
594 3193 841 3239 Recherclzes
870 3205 911 3244 p.
941 3194 1019 3234 249
1048 3205 1139 3244 sqq.

501 3272 538 3324 3)
593 3273 703 3323 Pap.
733 3272 1010 3323 Elephantine
1038 3273 1085 3311 12
1114 3271 1182 3323 (cf.
1213 3283 1255 3322 p.
1285 3271 1367 3323 35).

501 3349 538 3401 4)
594 3351 646 3391 P.
677 3351 730 3391 P.
764 3350 844 3399 ΙΙΙ,
874 3351 926 3390 28
955 3349 1022 3401 (e).

502 3427 537 3479 5)
593 3429 646 3468 P.
678 3429 728 3469 P.
771 3428 826 3468 III
866 3439 907 3478 p.
939 3429 990 3468 70
1018 3427 1077 3479 (b)
1107 3428 1183 3479 (II,
1214 3429 1266 3468 32
1296 3428 1336 3479 (2
1364 3427 1446 3479 b)).
1485 3451 1520 3456 —
1558 3427 1730 3469 Ceterae
1761 3428 1930 3480 papyri,
1971 3429 2105 3469 aetate
2135 3427 2394 3468 Ptolemaeo-

447 3517 538 3546 rum
576 3505 773 3556 scriptae,
813 3506 855 3545 in
896 3506 1049 3556 quibus
1091 3506 1324 3557 phylacitae
1363 3506 1623 3546 securitatem
1653 3506 1865 3556 publicam
1893 3506 2084 3555 tuentur,
2126 3506 2245 3546 sunt:
2285 3504 2397 3556 Pap.

446 3584 550 3624 Lille
577 3585 615 3633 I,
649 3584 691 3634 I,
721 3585 767 3633 3,
799 3585 975 3633 55—00;
1007 3584 1108 3624 ibid.
1140 3586 1185 3633 75
1217 3584 1267 3625 P.
1300 3584 1351 3624 P.
1385 3584 1444 3633 ΙΙ,
1475 3584 1548 3633 32,
1580 3582 1687 3634 (2α);
1718 3583 1986 3634 Pap.Hibelz
2017 3582 2056 3632 1,
2086 3582 2164 3632 365
2192 3581 2266 3631 37;
2299 3583 2398 3631 144;

450 3663 545 3711 1675
575 3663 685 3713 Pap.
715 3662 902 3706 Relnaclz
935 3664 994 3702 17.
2035 3650 2037 3652 ¹

501 3740 536 3791 6)
592 3741 644 3781 Ρ.
675 3741 726 3781 P.
761 3740 819 3790 11,
850 3742 901 3780 20
930 3741 1051 3791 (corr.
1085 3740 1139 3780 111
1171 3751 1211 3790 p.
1244 3739 1322 3790 76).
