2612 4412
1183 346 1247 394 55

303 501 403 554 Sed
438 501 648 552 fortasse
679 501 740 551 lll
771 500 972 551 saeculo
997 497 1216 550 cleruchi
1242 497 1508 562 privilegio
1533 498 1756 550 fruentes
1780 499 1963 550 talibus
1989 500 2192 563 libellis,

232 596 411 664 quales
455 599 575 648 sunt
618 595 678 646 Ρ.
714 595 773 646 Ρ.
818 596 883 657 11,
920 595 984 645 38
1006 594 1073 659 (a)
1121 597 1169 645 et
1216 594 1303 657 Ill,
1340 595 1405 645 34
1426 597 1518 660 (a),
1568 611 1742 647 causas
1777 611 1894 648 suas
1929 598 2092 648 statim
2129 599 2192 648 ad

235 692 428 746 iudices
462 695 804 759 competentes
839 691 1035 743 deferre
1070 693 1312 756 poterant.

301 788 623 842 Accuratiora
657 788 722 840 de
757 788 849 838 hac
884 803 937 838 re
974 801 1078 838 non
1115 789 1358 838 constant.

299 996 339 1034 c.
363 981 404 1047 1)
474 979 759 1038 Βασιλικός
791 979 1000 1046 quidam
1040 979 1278 1046 γεωργός
1313 978 1408 1030 vici
1446 978 1812 1031 Cerceosiridis
1847 979 2074 1031 libellum
2111 980 2196 1031 dat

233 1077 467 1141 Menehi,
503 1077 555 1128 in
591 1092 698 1143 quo
733 1076 924 1143 praedii
962 1075 1114 1128 vicini
1150 1091 1501 1142 possessorem
1536 1092 1722 1142 aquam
1758 1092 1820 1128 ex
1854 1093 1952 1129 suo
1986 1093 2110 1143 agro
2143 1079 2193 1128 in

233 1173 394 1242 ipsius
430 1175 518 1240 (sc.
554 1173 800 1241 petitoris)
843 1173 1063 1225 fundum
1099 1172 1406 1225 derivavisse
1442 1178 1631 1237 narrat,
1670 1174 1808 1226 unde
1843 1174 2093 1225 damnum
2129 1177 2196 1226 20

229 1271 518 1324 artabarum
553 1269 697 1322 tritici
732 1270 990 1337 acceperit.
1036 1269 1298 1336 Sequitur:

301 1367 384 1420 διὸ
441 1366 726 1427 ἐπιδίδωμί
779 1386 861 1419 σοι
914 1367 1066 1425 ὅπως
1116 1371 1207 1418 τοῦ
1260 1366 1715 1434 ε’γκαλουμένῙΟΙυ
1766 1367 2196 1434 προσκλήῦεντος

230 1463 637 1531 ἔπαναγκάσθηι
659 1463 704 1530 2)
754 1463 1054 1516 ἀποδοῦναί
1089 1483 1183 1530 μοι
1225 1463 1283 1515 τὸ
1318 1463 1543 1529 βλάβος,
1591 1463 1683 1514 ἐὰν
1720 1463 1777 1515 δὲ
1813 1463 2028 1530 ἀπειθῆι
2062 1464 2194 1515 ὕπο-

230 1560 386 1621 ‘testae
414 1563 506 1612 τοῦ
540 1559 924 1627 ὗπομνήματος
959 1559 1280 1627 ἀντίγραφον
1316 1561 1392 1618 οἷς
1426 1561 1656 1628 καθήκει
1691 1561 1796 1612 κτλ.
1820 1562 1877 1626 3).

301 1657 430 1709 Petit
479 1657 634 1723 igitur
682 1672 712 1707 a
763 1661 1226 1724 κωμογραμματεῖ
1273 1661 1327 1709 ut
1378 1674 1585 1724 operam
1642 1658 1725 1709 det
1777 1662 1832 1709 ut
1877 1657 2196 1709 adversarius

229 1752 479 1805 damnum
519 1753 617 1806 sibi
653 1757 972 1820 compenset;
1021 1753 1163 1819 quod
1201 1754 1297 1806 nisi
1334 1755 1622 1820 contigerit,
1671 1758 1726 1806 ut
1761 1770 1866 1806 rem
1903 1753 1966 1805 ad
2004 1753 2196 1805 iudices

232 1849 311 1908 οἷς
344 1850 574 1918 καθήκει
608 1850 811 1902 deferat.

300 1946 429 2013 Pap.
473 1947 600 1998 Tebt.
649 1949 691 2010 1,
730 1948 794 1998 50
839 1947 979 1998 aliter
1025 1962 1105 1998 res
1151 1963 1205 1999 se
1253 1948 1427 1999 habet:
1475 1948 1596 1999 alter
1641 1947 1911 2013 βασιλικὸς
1958 1947 2196 2013 γεωργός

229 2058 416 2109 aquam
454 2043 519 2094 ita
553 2047 776 2094 arcuerat
811 2047 865 2094 ut
900 2043 1098 2095 vicinus
1132 2059 1252 2109 ager
1276 2059 1382 2096 non
1409 2044 1699 2109 irrigaretur
1710 2063 1722 2109 ;
1760 2044 1905 2096 cuius
1930 2059 2196 2112 possessor

233 2154 424 2206 magno
458 2139 761 2192 detrimento
798 2144 942 2206 capto
978 2139 1081 2191 adit
1116 2141 1251 2206 pacis
1286 2140 1504 2193 arbitros
1540 2141 1591 2192 in
1628 2141 1819 2207 quibus
1853 2145 1972 2193 sunt
2006 2160 2193 2207 κωμο-

234 2237 598 2304 γραμματεύς,
634 2238 923 2301 comarcha,
960 2238 1304 2304 πρεσβύτεροι
1339 2242 1445 2289 τῶν
1482 2243 1752 2305 γεωργῶν.
1791 2239 1926 2296 Reus
1955 2254 2192 2304 aggerem

231 2349 417 2400 aquam
453 2338 703 2387 arcentem
741 2334 1102 2387 interscindere
1136 2335 1338 2387 iubetur
1350 2354 1361 2399 ;
1407 2337 1486 2387 cui
1524 2336 1664 2389 iusso
1701 2352 1817 2388 curn
1855 2351 1959 2388 non
1998 2336 2194 2388 obtem-

233 2430 502 2497 peraverit,
539 2430 722 2498 petitor
756 2431 984 2483 libellum
1021 2431 1105 2482 dat
1140 2437 1621 2498 κωμογραμματεῒ,
1659 2434 1745 2499 qui
1779 2449 1885 2484 rem
1911 2433 1974 2484 acl
2002 2432 2195 2484 iudices

231 2524 311 2583 οἷς
345 2525 574 2592 καθήκει
608 2525 812 2578 deferat.

233 2743 500 2752 ——-—.--

289 2906 325 2958 1)
382 2906 446 2948 De
474 2912 857 2962 κωμογραμματεΐ
881 2909 995 2959 pacis
1024 2909 1180 2950 arbitro
1210 2909 1261 2950 cf.
1296 2909 1341 2951 R.
1373 2909 1692 2960 Taubenschlag
1721 2910 1762 2950 in
1793 2909 1948 2950 Archiv
1979 2910 2032 2950 IV
2062 2921 2102 2960 p.
2130 2911 2194 2950 38.

288 2984 327 3037 2)
383 2985 450 3027 Ne
478 2997 527 3028 ex
550 2987 679 3027 verbo
707 2983 1074 3040 ,,ε’παναγκάζειν”
1097 2987 1314 3038 collegeris
1340 2985 1730 3041 κωμογραμματέα
1751 2988 2029 3029 adversarium
2047 2999 2197 3038 cogere

232 3063 418 3116 potuisse
460 3065 626 3116 petitori
670 3065 870 3106 damnum
915 3076 1194 3116 compensare.
1248 3065 1347 3106 Non
1391 3067 1576 3116 potuisse
1617 3069 1787 3117 apparet
1830 3078 1924 3107 cum
1969 3078 2017 3107 ex
2061 3066 2196 3106 verbis

233 3142 505 3194 sequentibus
535 3139 628 3196 (ἐὰν
657 3139 706 3183 δὲ
735 3140 917 3197 ἀπειθῆι
948 3140 1061 3194 κτλ.)
1091 3146 1179 3183 tum
1210 3155 1258 3184 ex
1287 3143 1395 3194 Pap.
1427 3144 1637 3195 Magdola
1671 3146 1740 3194 13,
1782 3145 1853 3185 ubi
1884 3145 2056 3195 legitur,
2098 3142 2193 3184 δεό-

229 3216 352 3272 μεθα
391 3219 463 3271 (sc.
503 3231 580 3261 nos
616 3221 827 3272 petitores)
873 3217 953 3262 οὗν
981 3235 1084 3272 σου,
1126 3219 1331 3275 βασιλεῦ,
1361 3220 1407 3262 εἴ
1428 3236 1495 3263 σοι
1525 3221 1674 3272 δοκεῖ,
1711 3219 1952 3275 προστάξαι
1984 3221 2201 3275 Διοφανεῖ

235 3300 316 3339 τῶι
353 3301 600 3351 στρατηγῶι
639 3295 808 3352 γράψαι
844 3296 1033 3340 Φιλώται
1064 3301 1143 3339 τῶι
1173 3296 1419 3352 ε’πιστάτηι,
1459 3296 1536 3341 ἐὰν
1575 3297 1621 3353 ἦι
1659 3296 1809 3354 ἀληθῆ
1840 3297 1891 3341 τὰ
1920 3297 1992 3341 διὰ
2024 3303 2097 3354 τῆς
2127 3297 2193 3340 ἑν-

234 3372 422 3425 τεύξεως
460 3373 762 3429 γεγραμμένα,
804 3373 1188 3430 ἐπαναγκάσαι
1236 3374 1437 3419 Φίλωταν
1477 3374 1550 3419 τὸν
1593 3375 1817 3420 Θεύόοτου
1856 3375 1932 3419 καὶ
1967 3375 2195 3432 Ἀγάθωνα

232 3453 307 3504 (sc.
348 3453 456 3505 reos)
494 3450 545 3494 τά
585 3467 628 3495 τε
668 3451 951 3508 ἐξενεχθέντα
991 3452 1234 3496 ἀποδοῦναι
1273 3452 1380 3509 ἡμῖν
1419 3453 1511 3496 κτλ.
1552 3456 1631 3507 (νν.
1681 3458 1707 3497 0
1746 3456 1868 3508 sqq.).
1927 3457 2194 3508 Quamquam

235 3531 410 3583 epistata
438 3542 667 3582 numquam
699 3532 820 3573 iudex
850 3535 932 3582 est,
974 3544 1136 3583 semper
1164 3533 1278 3584 pacis
1306 3533 1471 3583 arbiter,
1512 3536 1648 3576 tamen
1678 3534 1849 3575 verbum
1879 3531 2197 3588 ἐπαναγκάζειν

234 3619 262 3650 a
290 3609 537 3661 petitoribus
566 3614 801 3662 usurpatur.

291 3686 328 3740 3)
384 3686 492 3740 Pap.
528 3687 638 3729 Tebt.
673 3689 711 3738 1,
742 3690 805 3730 49.
