2612 4412
1358 389 1424 441 92

412 542 783 608 subscriptione
819 544 1106 595 instructam
1144 543 1378 609 epistatae
1411 542 1517 606 dat,
1562 542 1651 608 qui
1687 546 1854 594 tamen
1891 558 1997 594 rem
2034 558 2141 596 non
2178 545 2364 598 iudicat

412 637 501 690 sed
538 638 785 703 litigantes
819 639 1013 705 placare
1047 639 1231 691 frustra
1263 641 1473 690 conatus
1508 653 1651 690 reum
1688 638 1752 689 ad
1788 641 2060 704 strategum
2093 641 2294 694 remittit
2304 642 2363 708 l).

480 734 614 799 Ergo
661 750 777 786 cum
829 736 1039 802 Meyero
1084 734 1156 786 sic
1201 733 1639 786 concludendum:
1686 734 1968 800 epistata
2014 750 2363 803 numquam

413 828 608 880 iudex
652 834 771 894 est,
819 831 929 882 sed
977 846 1205 883 causas
1250 831 1379 883 sibi
1426 830 1680 882 delatas
1722 831 2072 895 cognoscit
2114 834 2363 884 tantum

411 925 849 992 litigantesque
900 928 1138 993 placare
1188 931 1463 991 conatur;
1515 926 1679 992 quod
1731 927 1780 978 si
1814 915 1885 978 'ei
1933 941 2054 979 non
2101 927 2365 994 contigit

411 1035 576 1072 reum
620 1022 691 1073 ad
735 1026 1069 1088 strategum
1114 1023 1298 1074 mittit
1339 1023 1442 1088 qui
1486 1002 1617 1074 eius
1660 1038 1877 1075 nomen
1924 1022 2155 1089 recipit.

478 1215 761 1282 Hucusque
795 1217 860 1268 de
897 1217 1197 1270 muneribus
1230 1216 1503 1269 arbitrariis
1533 1216 1732 1281 egimus
1759 1231 1891 1281 quae
1914 1218 2133 1281 stratego
2157 1215 2363 1268 iubente

409 1311 615 1377 epistata
660 1313 876 1365 curabat.
930 1313 1030 1366 Sed
1078 1313 1246 1380 ipsum
1295 1328 1505 1379 quoque
1551 1312 1746 1364 incolae
1779 1311 1922 1363 adire
1957 1315 2187 1378 poterant
2221 1315 2275 1364 ut
2309 1311 2362 1365 in

408 1421 557 1459 causa
601 1408 821 1474 quadam
860 1409 1124 1460 arbitrium
1162 1408 1314 1460 daret.
1361 1409 1444 1461 Sic
1478 1408 1744 1460 cleruchus
1778 1407 1988 1473 quidam
2025 1407 2299 1460 Thracicus
2333 1422 2364 1460 a

408 1507 624 1569 stratego
660 1505 780 1570 petit
809 1508 863 1556 ut
893 1505 1064 1557 matris
1087 1505 1208 1569 dos,
1245 1520 1400 1570 quam
1431 1504 1639 1556 maritus
1663 1504 1891 1568 retineat,
1928 1504 2025 1556 sibi
2051 1504 2362 1568 restituatur;

408 1600 542 1667 ὑπὲρ
589 1600 694 1661 ὧν,
741 1603 806 1653 ita
852 1603 1036 1668 pergit,
1084 1601 1174 1653 καὶ
1220 1601 1462 1668 ὁμοί[ως]
1512 1601 1753 1668 ἐνέτυχον
1798 1600 1901 1667 ἤδη
1938 1600 2022 1652 ἐπὶ
2056 1599 2364 1666 Νικάνορος

407 1701 499 1748 τοῦ
562 1698 832 1749 ἐπιστάτου
893 1703 983 1765 τῆς
1036 1698 1228 1765 κώμης
1238 1698 1296 1763 2).
1358 1698 1580 1763 Apparet
1632 1698 1866 1763 epistatae
1917 1700 2129 1749 conatus
2179 1696 2364 1749 frustra

406 1792 563 1845 fuisse
575 1811 587 1858 ;
623 1809 780 1860 quare
814 1795 996 1861 petitor
1031 1809 1169 1846 nunc
1201 1793 1541 1861 ὑπομνήματι
1576 1796 1849 1859 strategum
1884 1793 1988 1844 adit
2002 1794 2061 1859 3).

473 2164 740 2217 Postremo
786 2165 852 2217 de
898 2167 1160 2219 nonnullis
1202 2167 1437 2234 epistatae
1472 2166 1773 2219 muneribus
1807 2165 2148 2233 peculiaribus
2180 2162 2360 2231 raptim

404 2260 758 2313 disserendum
795 2265 882 2314 est.

473 2358 702 2411 Fortasse
737 2359 782 2410 ei
819 2359 1115 2425 impositum
1151 2363 1254 2411 erat
1289 2362 1344 2411 ut
1366 2360 1626 2426 myrrham
1652 2359 1820 2425 (cuius
1843 2357 2203 2424 monopolium
2228 2355 2362 2423 regis

404 2455 497 2520 est)
544 2454 597 2505 in
644 2455 757 2507 vico
803 2470 901 2508 suo
943 2455 1194 2507 venderet.
1245 2456 1376 2522 Pap.
1423 2455 1560 2507 enim
1604 2455 1732 2507 Tebt.
1770 2454 1814 2518 Ι,
1850 2455 1915 2506 35
1958 2452 2252 2506 mandatum
2288 2455 2362 2505 est

403 2555 507 2608 τοῖς
558 2551 845 2609 ἐπιστάταις
897 2551 986 2603 καὶ
1036 2557 1141 2609 τοῖς
1186 2551 1360 2609 ἄλλοις
1405 2556 1510 2609 τοῖς
1556 2551 1640 2602 ἐπὶ
1685 2554 1878 2618 χρειῶν
1924 2549 2251 2617 τεταγμένοις
2295 2563 2361 2600 ne

404 2647 638 2714 myrrhae
673 2647 863 2699 minam
900 2648 1060 2714 pluris
1098 2648 1316 2700 vendant
1350 2663 1503 2715 quam
1542 2649 1609 2699 40
1643 2646 1898 2699 drachmis
1932 2644 2251 2712 argenteis4).

470 2743 710 2796 Ceterum
746 2745 870 2795 mihi
908 2761 1013 2797 non
1050 2761 1349 2812 persuasum
1386 2748 1459 2797 est
1493 2745 1575 2797 hic
1607 2745 1688 2810 agi
1725 2744 1790 2796 de
1819 2743 2109 2800 ἐπιστάταις
2136 2742 2330 2809 κώμης
2339 2760 2360 2804 ‚-

401 2840 512 2892 fieri
548 2845 712 2907 potest
746 2845 801 2893 ut
834 2842 954 2894 viris
990 2843 1277 2907 nonnullis,
1315 2843 1506 2909 quibus
1542 2842 1814 2909 ἐπιστάτης
1850 2844 2124 2908 praeesset,
2161 2840 2358 2893 iniunc-

402 2941 509 2988 tum
545 2942 674 2990 esset
697 2941 751 2989 ut
769 2939 1046 2990 venderent
1074 2939 1333 3006 myrrham
1362 2939 1586 3005 aliasque
1616 2953 1808 2990 merces
1826 2953 2043 3004 quarum
2064 2953 2150 2989 rex
2176 2950 2358 2989 mono-

404 3136 672 3143 ..—-—-——-

456 3261 491 3312 1)
549 3261 707 3303 Contra
733 3261 841 3313 Pap.
871 3262 1023 3313 Magri.
1055 3274 1096 3303 n.
1125 3263 1178 3304 33
1206 3259 1447 3316 ὑπογραφή
1478 3265 1560 3304 est:
1599 3260 1774 3315 Σίμωνι
1812 3262 1856 3313 (i.
1887 3273 1923 3303 e.
1961 3259 2214 3316 ἐπιστάτηι)·
2245 3259 2353 3304 ἀπό-

401 3336 566 3380 στειλον
595 3335 669 3380 τὸν
696 3336 1032 3392 ἔνκαλούμενον.
1070 3340 1137 3381 An
1166 3352 1211 3381 re
1237 3351 1334 3381 vera
1362 3340 1441 3381 hac
1468 3340 1512 3381 in
1541 3351 1666 3381 causa
1693 3340 1869 3391 epistata
1901 3351 2018 3381 reum
2052 3340 2108 3381 ad
2129 3341 2357 3392 strategmn

401 3417 563 3458 mittere
582 3418 813 3467 oportuerit
832 3419 1056 3469 antequam
1075 3415 1272 3459 διάλυσιν
1291 3418 1426 3459 facere
1447 3420 1620 3460 conatus
1635 3420 1741 3459 esset
1754 3450 1764 3468 ,
1795 3419 1854 3458 nil
1884 3420 1946 3459 est
1975 3418 2090 3469 quod
2114 3417 2354 3459 diiudioem.

455 3494 491 3546 2)
547 3496 658 3546 Pap.
688 3495 827 3535 Part‘s.
861 3497 922 3537 13.

455 3571 493 3623 3)
548 3571 615 3613 Cf.
652 3572 973 3623 Taubenscblag
999 3572 1169 3624 (Archiv
1199 3573 1254 3614 IV
1282 3585 1325 3624 p.
1354 3574 1407 3615 37
1436 3573 1538 3625 sq.)¹
1580 3574 1653 3624 qui
1692 3575 1904 3624 praeterea
1931 3573 2074 3615 laudat
2101 3573 2210 3625 Pap.
2238 3573 2353 3614 La'd.

399 3649 436 3690 Α
464 3651 504 3690 et
535 3650 643 3701 Pap.
672 3650 825 3701 Maga.
858 3652 918 3693 12.
2030 3635 2033 3637 ’

455 3728 490 3779 4)
548 3728 616 3769 Cf.
646 3740 770 3779 supra
798 3740 840 3779 p.
871 3730 935 3770 30.
