2612 4412
1213 417 1269 467 61

262 570 580 638 κληρούχοις
614 574 661 621 et
695 571 852 635 ἱεροῖς
889 573 1162 636 γεωργοῖς)
1201 571 1326 623 fisco
1363 572 1680 636 debitorum,
1730 576 1974 627 rationem
2013 578 2225 629 reddere

261 666 480 720 debebat
530 666 787 733 βασιλικῷ
841 671 1140 732 γραμματεῖ
1151 685 1163 731 ;
1215 668 1482 719 comarcha
1533 684 1655 720 vero
1709 671 1944 737 princeps
1995 678 2068 724 est
2118 678 2225 725 τῶν

258 762 549 829 βασιλικῶν
593 766 870 829 γεωργῶν,
920 763 1006 827 qui
1045 763 1179 814 illius
1217 763 1537 829 magistratus
1571 765 1798 830 potestati
1834 767 2090 819 subiectus
2127 774 2222 830 est,

258 859 349 927 qui
386 860 494 911 vice
530 859 662 926 regis
698 859 749 910 in
786 860 947 926 κώμῃ
985 859 1235 924 fungitur,
1285 861 1314 911 i.
1351 876 1392 912 e.
1429 864 1962 928 κωμογραμματέως.

328 955 508 1008 Cetera
541 956 838 1008 comarchae
876 971 1087 1007 munera
1120 957 1185 1007 ab
1222 956 1309 1008 illo
1347 972 1558 1008 munere
1594 958 1999 1024 proficiscuntur.
2042 962 2224 1027 Neque

258 1051 396 1104 enim
456 1053 644 1104 mirum
703 1057 777 1105 est
834 1053 975 1118 quod
1035 1053 1304 1105 mandatur
1361 1055 1658 1106 comarchae
1716 1059 1764 1106 et
1820 1057 2222 1133 πρεσβυτέροις,

256 1147 452 1216 quippe
503 1150 694 1216 quibus
747 1150 917 1202 bonus
967 1165 1209 1215 agrorum
1263 1154 1418 1202 status
1470 1151 1750 1203 commodo
1796 1152 1881 1215 sit,
1936 1157 1990 1203 ut
2036 1173 2222 1220 κωμο-

258 1250 561 1313 γραμματεῖ
598 1250 870 1313 appareant
916 1245 967 1297 in
1013 1247 1288 1312 aggeribus
1335 1247 1590 1313 fossisque
1636 1249 1977 1301 sustentandis
2012 1250 2079 1315 1);
2133 1266 2226 1302 nec

259 1340 423 1409 magis
467 1341 609 1409 quod
656 1342 925 1409 βασιλικός
971 1343 1179 1409 quidam
1230 1343 1492 1409 γεωργός,
1542 1345 1622 1396 cui
1670 1345 1869 1396 vicinus
1904 1346 2094 1398 fossam
2132 1348 2223 1399 ob-

258 1439 466 1503 struxit,
527 1455 715 1506 magno
776 1440 966 1492 damno
1026 1444 1230 1507 accepto
1291 1442 1427 1507 pacis
1486 1442 1703 1494 arbitros
1763 1442 1969 1494 adhibet
2030 1447 2226 1509 praeter

256 1538 732 1604 κωμογραμματέα
769 1538 1087 1590 comarcham
1125 1542 1172 1589 et
1204 1539 1594 1604 πρεσβυτέρους
1629 1541 1685 1604 2).

328 1633 490 1686 Porro
537 1634 833 1686 comarchae
880 1638 953 1685 est
999 1649 1100 1685 una
1147 1649 1263 1686 cum
1314 1636 1775 1702 γενηματοφύλακι
1815 1636 2154 1702 sitologorum
2179 1639 2220 1702 3)

257 1730 589 1782 relationibus
635 1736 1098 1797 κωμογραμματεῖ
1138 1731 1396 1782 tradendis
1442 1732 1763 1784 subscribere
1775 1751 1787 1796 ;
1836 1733 1923 1798 qui
1973 1732 2052 1785 his
2099 1748 2223 1785 usus

258 1826 634 1894 magistratibus
669 1828 1021 1893 superioribus
1056 1828 1121 1879 de
1156 1829 1355 1880 tributis
1392 1830 1542 1880 refert
1554 1848 1565 1893 ;
1603 1845 1643 1881 e.
1679 1846 1751 1895 g.:

324 1924 471 1990 παρὰ
533 1923 833 1992 ωΜεγχείους
892 1924 1473 1992 κωμ[ογραμ]ματέως
1531 1925 1931 1992 Κερκεοσίρεως
1991 1927 2222 1993 εἶσδοχὴι

254 2021 372 2072 κατ’
412 2020 582 2087 ἄνδρα
621 2021 742 2086 [τοῦ
777 2023 871 2087 με]
876 2023 1208 2088 μετρημένου
1245 2023 1387 2074 σίτου
1426 2022 1762 2089 Πτολεμαίωι
1798 2023 1887 2074 καὶ
1921 2023 2060 2088 Has.
2093 2065 2102 2074 .
2137 2066 2146 2075 .
2180 2026 2219 2090 .]

257 2122 363 2176 τοῖς
409 2118 732 2184 σιτολογοῦσι
779 2118 836 2169 τὸ
882 2118 1001 2184 περὶ
1046 2119 1253 2186 αὗζτὴν)
1306 2120 1391 2183 (sc.
1428 2121 1643 2187 κώμην)
1689 2120 2075 2188 ε’ργα(στήριον)
2115 2122 2221 2172 ἀπὸ

258 2218 364 2266 τῶν
412 2216 723 2282 γενημάτων
769 2215 890 2280 τ[οῦ
939 2215 1146 2282 αὗ(τοῦ)
1199 2217 1419 2283 (ἔτους)]
1465 2219 1520 2268 οἳ
1547 2217 1636 2268 καὶ
1672 2217 2114 2285 ἀντιγραφόμενοι
2151 2220 2218 2271 δι’

244 2310 416 2378 ε’.Ωρου
452 2312 753 2379 κωμάρχου
792 2312 947 2379 [καὶ]
973 2312 1283 2379 Μαρρείους
1320 2315 1817 2381 γενηματοφύλακες
1856 2317 1905 2382 (l.
1934 2318 2076 2382 -κος)
2095 2318 2152 2382 4).

326 2409 495 2460 Nemo
531 2423 637 2460 non
674 2409 916 2474 intelliget
951 2410 1295 2472 comarcham,
1333 2411 1421 2476 qui
1457 2411 1642 2463 tributa
1675 2427 1704 2463 a
1738 2413 2024 2477 βασιλικοῖς
2051 2433 2219 2480 γεωρ-

257 2508 370 2571 γοῖς
396 2510 596 2571 accepta
625 2504 909 2570 σιτολόγοις
942 2505 1122 2570 tradat,
1154 2507 1373 2558 maxime
1404 2507 1649 2559 idoneum
1679 2524 1788 2560 esse
1814 2509 1877 2560 ad
1906 2510 2006 2562 hoc
2031 2526 2221 2562 munus

254 2602 556 2668 gerendum.

325 2699 508 2765 Neque
559 2714 680 2751 vero
734 2714 846 2751 raro
898 2699 954 2750 fit
1006 2704 1060 2750 ut
1106 2700 1372 2752 comarcha
1419 2704 1657 2767 potestate
1703 2717 1794 2754 sua
1838 2703 2085 2755 abutatur.
2138 2704 2222 2756 Sic

256 2794 526 2860 βασιλικός
578 2795 788 2861 quidam
844 2795 1081 2862 γεωργός
1131 2795 1268 2862 apud
1322 2798 1763 2865 κωμομισθωτήν
1796 2800 1837 2864 5)
1892 2801 2222 2866 conqueritur

254 2890 400 2957 quod
444 2891 711 2943 comarcha
747 2896 794 2943 et
831 2893 1294 2959 γενηματοφύλαξ,
1342 2893 1539 2945 favente
1575 2902 2056 2963 κωμογραμματεῖ,
2104 2898 2220 2964 plus

313 3133 348 3186 1)
404 3133 513 3186 Pap.
550 3134 661 3175 Tebt.
696 3135 734 3184 1,
769 3137 829 3177 13.
860 3136 909 3176 V.
942 3148 1065 3187 supra
1095 3149 1136 3187 p.
1167 3138 1217 3176 44
1249 3148 1310 3187 sq.

313 3211 381 3254 Cf.
423 3212 525 3254 ibid.
569 3213 643 3263 67,
690 3215 761 3263 72,
809 3214 879 3254 ubi
924 3215 1121 3255 Menches
1161 3215 1307 3256 refert:
1354 3212 1543 3269 ἐκφόριν
1585 3213 1784 3270 ἀσπόρου
1826 3214 2121 3271 βεβρεγμὲιηφς
2161 3216 2215 3258 δι’

253 3287 438 3344 dueum*
466 3294 555 3332 τῶν
583 3289 1040 3346 ὖπογεγρ[αμ]μένων
1068 3295 1280 3346 γεωργῶν
1310 3290 1386 3334 καὶ
1407 3291 1550 3346 εΏρου
1581 3291 1844 3348 κωμάρχου.

313 3368 348 3420 2)
404 3369 512 3421 Pap.
550 3369 661 3410 Tebt.
695 3370 734 3419 1,
765 3372 838 3420 50,
870 3370 921 3411 cf.
955 3382 1078 3422 supra
1109 3383 1149 3422 p.
1180 3373 1242 3412 55.

312 3447 348 3500 3)
406 3447 470 3488 De
499 3448 690 3499 sitologis
719 3448 770 3489 cf.
806 3448 935 3490 Praef.
966 3461 1061 3501 gen.
1093 3449 1233 3500 (supra
1264 3461 1304 3500 p.
1341 3450 1415 3500 16).

311 3524 347 3577 ⁴)
403 3525 511 3577 Pap.
547 3525 656 3566 Tebt.
690 3526 728 3576 Ι,
763 3528 848 3568 159.

313 3602 348 3655 5)
404 3603 618 3646 Adnotant
656 3604 836 3646 editores
869 3605 1106 3657 „Probably
1135 3606 1204 3646 tlte
1230 3606 1394 3658 official
1419 3607 1463 3647 in
1494 3607 1648 3658 clun-gv
1674 3608 1727 3658 of
1746 3605 1990 3660 μισθώσεις
2021 3609 2074 3660 os
2092 3607 2217 3662 βασι-

254 3677 360 3736 λικὴ
390 3681 489 3736 γῆ”.

313 3757 447 3801 Semel
480 3762 640 3802 tantuin
674 3762 713 3802 in
745 3763 911 3815 papyris
941 3762 1030 3803 eius
1060 3763 1217 3804 mentio
1249 3763 1309 3804 fit.
