2612 4412
1345 390 1409 439 26

400 545 492 610 τὴν
539 544 733 609 κώμην
780 544 852 599 εἷς
900 542 1218 609 Θεογονίόα,
1267 543 1515 609 στόχασαι
1563 543 1639 599 ὡς
1680 542 1847 593 πάντα
1884 543 1943 593 τὰ
1980 544 2354 614 ἕνοφειλόμενα

400 640 518 706 περὶ
566 640 657 707 τὴν
703 640 897 706 κώμην
944 639 998 690 ἓν
1044 640 1243 705 μέτρωι
1289 639 1428 690 ἔσται
1475 639 1625 695 ὅπως
1671 639 1745 705 μὴ
1795 639 2162 708 ἕπικατασχὼν
2195 643 2356 697 αὐτὸν

400 739 471 794 εἷς
509 737 748 795 δαπάνας
783 737 1015 804 ε’μπέσῃς
1051 737 1150 787 οὐκ
1188 736 1331 793 ὀλίας
1365 737 1422 801 l).

471 834 684 886 Polemo
716 835 984 886 Menehem
1013 834 1256 886 admonet
1285 837 1362 897 ut,
1400 849 1515 885 cum
1548 833 1810 899 epimeleta
1835 834 1994 887 libros
2020 851 2356 901 expensarum

400 935 448 981 et
494 931 748 982 redituum
798 932 1116 997 inspecturus
1162 930 1445 993 immineat,
1493 936 1828 996 quaecunque
1871 931 1936 982 ad
1979 931 2174 998 κώμην
2209 933 2358 999 perti-

403 1025 571 1075 nentia
617 1025 722 1090 regi
770 1025 1021 1076 debentur
1066 1025 1334 1090 diligenter
1367 1025 1562 1076 tabellis
1596 1025 1964 1077 conscribenda
1996 1030 2149 1079 curet.
2205 1027 2360 1080 Unde

401 1126 606 1188 apparet
652 1126 864 1174 exeunte
913 1124 950 1173 ΙΙ
1000 1126 1114 1174 ante
1150 1122 1210 1174 C.
1247 1123 1447 1174 saeculo
1485 1123 1798 1188 epimeletam
1825 1124 1865 1188 2)
1903 1128 2367 1190 κωμογραμματεῖ

402 1217 745 1283 praepositum
782 1217 952 1269 fuisse.

472 1313 607 1364 Idem
641 1313 854 1364 innuere
885 1313 1096 1364 Polemo
1130 1313 1329 1364 videtur
1362 1314 1426 1364 ad
1464 1315 1734 1365 Menchem
1772 1314 1821 1364 in
1863 1315 1958 1365 alia
1994 1314 2207 1380 epistula
2239 1314 2360 1367 scri-

404 1407 555 1459 bens:
616 1407 725 1458 ἕπεὶ
792 1407 1226 1473 παραγεινόμεθα
1290 1408 1384 1473 ἅμ’
1445 1409 1637 1474 ἡμέραι
1685 1413 1763 1475 τῆι
1811 1408 1887 1459 κθ
1945 1407 2228 1475 φρόντισον
2282 1408 2362 1466 ὥς

400 1503 570 1554 πάντα
620 1502 738 1570 [τ]ὰ
791 1503 1166 1570 ἕνοφειλόμενα
1219 1504 1410 1555 ἑαυτῶι
1462 1504 1551 1555 καὶ
1597 1509 1702 1560 τοῖς
1749 1508 2004 1569 γεωργοῖς
2051 1504 2119 1570 ἐμ
2162 1504 2362 1570 μέτριοι

403 1601 542 1651 ἔσται
577 1605 656 1667 τῆι
691 1601 842 1667 αὐτῆι
879 1602 965 1665 (sc.
1001 1601 1197 1667 ἡμέρᾳ)
1233 1602 1290 1666 3).

474 1697 572 1774 Hic
613 1713 717 1750 non
753 1699 833 1763 agi
870 1699 936 1749 de
971 1699 1204 1751 Menchis
1239 1703 1293 1751 ut
1329 1700 1552 1752 hominis
1587 1700 1764 1767 privati
1799 1716 1912 1752 aere
1946 1700 2111 1753 alieno
2147 1714 2361 1753 consen-

403 1798 607 1845 taneum
644 1798 739 1858 est,
787 1794 877 1846 sed
913 1796 1068 1847 verba
1102 1795 1388 1860 significare
1423 1795 1682 1848 videntur:
1730 1812 1849 1848 cura
1884 1800 1939 1848 ut
1972 1800 2020 1848 et
2054 1813 2184 1863 quae
2217 1800 2272 1848 tu
2307 1799 2364 1849 ut

405 1889 723 1955 magistratus
758 1893 805 1941 et
839 1906 969 1955 quae
1006 1891 1237 1957 γεωργοί
1266 1891 1393 1943 fisco
1428 1891 1669 1955 debeant,
1717 1892 1992 1944 solvantur.

471 1987 599 2051 Pap.
645 1988 773 2038 Tebt.
813 1988 854 2049 Ι,
898 1989 1014 2050 159,
1062 2004 1092 2038 a
1139 1988 1357 2039 Menehe
1402 1988 1607 2054 scripta,
1656 1992 1729 2040 est
1775 1989 1986 2057 εἷσόοχὴ
2036 1990 2152 2040 κατ’
2191 1989 2362 2056 ἄνδρα

407 2082 526 2149 [τοῦ
573 2083 669 2150 με]
673 2085 1007 2151 μετρημένου
1044 2086 1186 2136 σίτου
1224 2085 1563 2152 Πτολεμαίωι
1599 2086 1689 2138 καὶ
1725 2085 1862 2154 Πα[.
1884 2128 1894 2137 .
1917 2128 1925 2137 .
1948 2085 1988 2153 .]
2025 2091 2129 2144 τοῖς
2163 2085 2362 2139 σιτολο-

406 2185 555 2245 γοῦσι
603 2181 659 2232 τὸ
705 2183 824 2248 περὶ
872 2181 1079 2250 αὗίτὴν)
1129 2183 1515 2251 ἕργα(στήριον)
1564 2183 1670 2234 ἀπὸ
1705 2187 1810 2234 τῶν
1847 2184 2202 2250 γενη(μάτων)
2239 2181 2363 2250 τῙοῦ

403 2277 612 2344 αὗ(τοῦ)
655 2278 890 2346 (greum.

472 2376 744 2441 Vectigalia
790 2376 853 2427 de
901 2377 1092 2442 quibus
1139 2377 1383 2428 Menehes
1428 2377 1478 2427 in
1516 2377 1609 2428 hac
1644 2391 1837 2443 papyro
1872 2377 1998 2442 agit,
2046 2378 2214 2427 exacta
2237 2377 2366 2428 sunt

404 2472 469 2522 ab
517 2472 696 2523 incolis
743 2473 830 2538 qui
878 2473 1072 2540 κώμης
1116 2489 1296 2538 agrum
1344 2473 1547 2537 colunt;
1594 2476 1712 2524 sunt
1746 2472 1882 2524 enim
1918 2472 2083 2524 soluta
2118 2470 2225 2523 ἀπὸ
2259 2473 2367 2523 τῶν

406 2570 731 2635 γενημάτων.
787 2572 1118 2622 Frumentum
1166 2571 1373 2636 quidem
1423 2571 1707 2637 σιτολόγοις
1753 2570 1989 2622 traditum
2032 2572 2128 2633 est,
2175 2569 2368 2636 quippe

405 2667 494 2731 qui
531 2666 799 2734 θησαυρῷ
834 2667 1054 2733 praesint
1081 2668 1150 2732 4),
1187 2667 1278 2718 sed
1314 2667 1789 2733 κωμογραμματέα
1826 2666 2072 2717 rationem
2108 2665 2219 2717 eius
2253 2663 2362 2716 red·
2409 2736 2411 2738 η

406 2763 526 2813 dere
563 2767 784 2828 oportet,
822 2763 931 2814 eius
967 2767 1040 2815 est
1076 2764 1127 2814 in
1165 2763 1324 2815 libros
1355 2778 1691 2829 expensarum
1723 2767 1770 2813 et
1799 2762 2054 2814 redituum
2084 2761 2137 2812 id
2165 2760 2365 2813 referre.

478 2860 742 2911 Postremo
779 2861 969 2911 mentio
1005 2861 1092 2911 fiat
1127 2859 1390 2926 epistolae,
1428 2859 1478 2910 in
1515 2875 1617 2925 qua
1653 2859 1865 2912 Polemo
1898 2859 2069 2922 frater,
2105 2857 2194 2924 qui
2218 2857 2365 2910 etiam

408 2955 753 3020 magistratum
792 2955 1047 3020 quendam
1088 2955 1281 3006 obtinet
1315 2955 1383 3021 5),
1420 2955 1484 3005 ad
1522 2954 1793 3006 Menehem
1831 2954 1953 3005 haec
1986 2953 2182 3005 scribit:

464 3112 498 3162 1)
556 3112 666 3163 Pap.
703 3113 813 3152 Tebt.
848 3112 887 3161 1,
923 3115 981 3152 17.

464 3190 499 3241 2)
562 3191 790 3241 Epimeleta
820 3192 936 3232 nomi
968 3192 1235 3241 magistratus
1267 3182 1349 3240 est,x
1381 3191 1447 3230 cui
1479 3201 1545 3230 res
1573 3190 1737 3231 fiscales
1766 3189 1976 3230 curandae
1991 3189 2212 3230 mandatae
2227 3189 2364 3236 erant;
2403 3221 2406 3224 .

408 3280 552 3310 verum
583 3281 807 3319 quemnam
840 3270 979 3310 locum
1009 3270 1052 3309 in
1083 3270 1401 3320 magistratuum
1431 3268 1578 3309 ordine
1608 3268 1837 3309 obtinuerit
1851 3279 2000 3319 parum
2022 3268 2197 3308 constat.
2228 3265 2293 3307 De
2316 3276 2367 3309 eo

409 3348 462 3387 ct.
497 3347 909 3398 Bouche-Leclercq,
940 3347 1051 3386 Hist.
1070 3347 1110 3386 d.
1129 3347 1232 3397 Lag.
1263 3347 1319 3386 111
1346 3359 1386 3397 p.
1403 3348 1502 3394 391;
1530 3347 1746 3396 Maspero,
1778 3346 1855 3386 Les
1880 3346 2088 3385 Fc'nances
2112 3356 2154 3395 p.
2177 3342 2254 3385 220
2274 3355 2366 3394 sqq.

465 3426 500 3477 3)
558 3426 667 3477 Pap.
704 3426 813 3466 Tebt.
848 3426 886 3475 1,
921 3428 980 3466 18.
2307 3427 2310 3430 '

466 3504 500 3554 4)
559 3504 625 3544 Cf.
658 3516 783 3555 supra
812 3515 851 3555 p.
887 3506 947 3544 15.

465 3582 500 3632 5)
560 3582 797 3630 Quemnam
828 3582 1118 3632 magistratum
1149 3581 1217 3620 hic
1248 3581 1420 3620 Polemo
1449 3580 1623 3628 habeat,
1656 3580 1819 3628 nescio,
1848 3578 1921 3619 sed
1951 3568 2103 3618 iniuria
2132 3576 2226 3617 edd.
2257 3575 2367 3627 Pap.

417 3660 526 3700 Tebt.
568 3661 609 3700 in
650 3659 909 3710 praefatione
948 3671 988 3699 n.
1025 3661 1071 3699 17
1111 3670 1208 3699 eum
1236 3655 1468 3712 ἐπιστάτην
1497 3655 1658 3710 κώμης
1688 3657 1816 3697 fuisse
1844 3655 2063 3707 perhibere
2090 3654 2193 3695 mihi
2221 3653 2366 3694 viden-

411 3740 489 3778 tur.
525 3738 603 3779 Res
634 3738 744 3778 enim
777 3737 830 3778 ad
859 3737 1080 3787 vectigalia
1108 3737 1362 3787 pertinentes
1392 3736 1445 3777 ab
1475 3736 1651 3785 epistata
1680 3735 1841 3776 alienae
1869 3735 1978 3774 sunt.
2010 3732 2078 3774 Cf.
2109 3733 2236 3782 caput
2263 3731 2314 3772 V.
