2612 4412
1337 405 1430 456 104

609 558 718 623 Ipse
753 573 844 624 per
878 557 1008 609 licita
1040 561 1190 624 atque
1226 557 1411 609 inlicita
1444 557 1676 610 foedatus
1706 557 1831 608 nihil
1860 558 2034 624 flagitii
2066 561 2355 627 reliquerat,

538 697 645 748 quo
686 683 973 748 corruptior
1006 686 1197 748 ageret,
1246 683 1342 735 nisi
1377 697 1567 749 paucos
1602 685 1717 748 post
1749 682 1860 735 dies
1894 684 1982 735 uni
2016 700 2080 737 ex
2114 685 2202 739 illo
2236 701 2357 740 con-

539 807 894 859 taminatorum
929 823 1083 874 grege
1117 848 1128 860 .
1166 848 1177 859 .
1212 848 1224 859 .
1262 848 1273 860 .
1309 807 1642 874 denupsisset.

473 935 593 986 Non
631 937 760 985 recte
794 934 976 999 legitur
1012 934 1212 988 „nihil''.
1268 933 1522 986 Dubitans
1555 948 1794 1007 propono
1833 935 2143 988 „nonnihil”.

1306 1135 1460 1185 XXII.

475 1290 596 1341 Non
643 1288 884 1340 audiendi
930 1292 1050 1340 sunt
1095 1288 1165 1339 illi
1212 1287 1305 1340 viri
1347 1287 1508 1352 docti,
1556 1289 1645 1354 qui
1684 1289 1738 1340 P.
1775 1288 2046 1353 Clodium,
2095 1290 2166 1341 M.
2202 1288 2362 1343 Caelii

410 1400 528 1458 Rufi
580 1403 945 1463 accusatorem,
997 1399 1256 1451 diversum
1309 1414 1419 1451 esse
1470 1399 1535 1451 ab
1587 1399 1675 1451 illo
1719 1399 1928 1451 tribuno
1973 1399 2161 1466 plebiS,
2214 1399 2364 1452 fratre

409 1526 647 1590 Clodiae,
684 1526 964 1593 perhibent.
1025 1526 1152 1591 (Cic.
1189 1525 1326 1578 Cael.
1362 1526 1433 1592 ἓξ
1476 1527 1548 1590 17,
1585 1527 1664 1590 27,
1701 1527 1790 1589 32,
1827 1526 1928 1592 36.)

1298 1727 1475 1778 XXIII.

477 1882 710 1948 Augusto
735 1881 1037 1948 imperatore
1061 1881 1303 1934 Manilius
1327 1882 1565 1934 carminis
1582 1881 1661 1934 sui
1682 1881 1925 1934 maiorem
1944 1885 2136 1949 partem
2154 1880 2365 1948 scripsit.

1298 2081 1476 2132 XXIV.

479 2238 591 2288 lure
625 2236 902 2289 Schanzius
939 2236 1020 2301 (R.
1055 2237 1109 2287 L.
1149 2235 1214 2287 G.
1252 2236 1317 2299 11,
1354 2237 1410 2298 2,
1447 2251 1495 2301 p.
1520 2236 1620 2287 230
1653 2235 1785 2301 sqq.)
1823 2233 2167 2286 Miillenhoffii
2201 2232 2367 2301 opini-

412 2378 566 2416 onem
596 2363 734 2414 reicit
757 2362 985 2414 Tacitum
1012 2360 1344 2414 Germaniam
1381 2360 1641 2427 scripsisse
1664 2359 1988 2424 affirmantis,
2024 2375 2127 2427 qua
2149 2359 2370 2427 pericula

412 2505 473 2541 ex
509 2489 783 2541 Germanis
818 2487 1014 2555 populo
1051 2487 1285 2545 Romano
1321 2486 1637 2538 imminentia
1668 2489 2034 2553 praemoneret.

1312 2688 1468 2739 XXV.

482 2847 585 2898 Het
614 2845 880 2899 Zionisme
907 2844 952 2897 is
979 2843 1084 2898 ook
1112 2859 1209 2896 van
1236 2843 1731 2896 cultuur-historisch
1755 2842 2035 2909 standpunt
2058 2841 2369 2895 baechouwd

413 2976 498 3025 toe
531 2975 578 3024 te
610 2971 830 3038 juichen.

1303 3125 1482 3177 XXVI.

484 3285 516 3336 't
552 3285 597 3335 Is
648 3287 730 3335 ten
783 3286 971 3335 zeerste
1022 3281 1335 3348 gewenscht,
1389 3280 1474 3332 dat
1523 3295 1617 3332 aan
1670 3295 1801 3334 onze
1852 3277 2226 3331 universiteiten
2278 3291 2370 3329 een

416 3409 746 3474 afzonderlijk
780 3408 1039 3461 doctoraat
1073 3408 1125 3459 in
1162 3407 1226 3460 de
1261 3405 1612 3472 geschiedenis
1647 3404 1812 3458 wordt
1845 3403 2105 3471 ingesteld.
