<?xml version="1.0" encoding="UTF-8"?>
<!DOCTYPE html PUBLIC "-//W3C//DTD XHTML 1.0 Transitional//EN"
    "http://www.w3.org/TR/xhtml1/DTD/xhtml1-transitional.dtd">
<html xmlns="http://www.w3.org/1999/xhtml" xml:lang="en" lang="en">
 <head>
  <title>
</title>
<meta http-equiv="Content-Type" content="text/html;charset=utf-8" />
  <meta name='ocr-system' content='tesseract 3.04.00' />
  <meta name='ocr-capabilities' content='ocr_page ocr_carea ocr_par ocr_line ocrx_word'/>
</head>
<body>
  <div class='ocr_page' id='page_1' title='image "./deaegyptiarumkmn00engeuoft_0097.png"; bbox 0 0 2612 4412; ppageno 0'>
   <div class='ocr_carea' id='block_1_1' title="bbox 1205 363 1270 412">
    <p class='ocr_par' dir='ltr' id='par_1_1' title="bbox 1205 363 1270 412">
     <span class='ocr_line' id='line_1_1' title="bbox 1205 363 1270 412; baseline 0 0"><span class='ocrx_word' id='word_1_1' title='bbox 1205 363 1270 412; x_wconf 89' lang='lat'><strong>87</strong></span> 
     </span>
    </p>
   </div>
   <div class='ocr_carea' id='block_1_2' title="bbox 246 514 2210 2123">
    <p class='ocr_par' dir='ltr' id='par_1_2' title="bbox 254 514 2210 867">
     <span class='ocr_line' id='line_1_2' title="bbox 327 514 2208 586; baseline 0.002 -19"><span class='ocrx_word' id='word_1_2' title='bbox 327 515 544 582; x_wconf 85' lang='lat' dir='ltr'><strong>Epistata</strong></span> <span class='ocrx_word' id='word_1_3' title='bbox 576 515 665 580; x_wconf 89' lang='lat' dir='ltr'><strong>qui</strong></span> <span class='ocrx_word' id='word_1_4' title='bbox 702 515 981 581; x_wconf 87' lang='lat' dir='ltr'><strong>principem</strong></span> <span class='ocrx_word' id='word_1_5' title='bbox 1019 515 1148 565; x_wconf 88' lang='lat' dir='ltr'><strong>inter</strong></span> <span class='ocrx_word' id='word_1_6' title='bbox 1180 514 1373 581; x_wconf 85' lang='grc' dir='ltr'><strong><em>κώμης</em></strong></span> <span class='ocrx_word' id='word_1_7' title='bbox 1401 515 1717 580; x_wconf 85' lang='lat' dir='ltr'><strong>magistratus</strong></span> <span class='ocrx_word' id='word_1_8' title='bbox 1745 516 1914 568; x_wconf 90' lang='lat' dir='ltr'><strong>locum</strong></span> <span class='ocrx_word' id='word_1_9' title='bbox 1944 519 2136 571; x_wconf 90' lang='lat' dir='ltr'><strong>obtinet</strong></span> <span class='ocrx_word' id='word_1_10' title='bbox 2152 522 2208 586; x_wconf 91' lang='lat'><strong>1),</strong></span> 
     </span>
     <span class='ocr_line' id='line_1_3' title="bbox 256 610 2210 678; baseline 0.002 -16"><span class='ocrx_word' id='word_1_11' title='bbox 256 625 434 678; x_wconf 87' lang='lat' dir='ltr'><strong>graeca</strong></span> <span class='ocrx_word' id='word_1_12' title='bbox 466 626 667 677; x_wconf 86' lang='lat' dir='ltr'><strong>semper</strong></span> <span class='ocrx_word' id='word_1_13' title='bbox 700 610 898 676; x_wconf 88' lang='lat' dir='ltr'><strong>origine</strong></span> <span class='ocrx_word' id='word_1_14' title='bbox 933 613 1029 673; x_wconf 89' lang='lat' dir='ltr'><strong>est,</strong></span> <span class='ocrx_word' id='word_1_15' title='bbox 1067 625 1182 661; x_wconf 92' lang='lat' dir='ltr'><strong>cum</strong></span> <span class='ocrx_word' id='word_1_16' title='bbox 1219 610 1366 661; x_wconf 89' lang='lat' dir='ltr'><strong>ceteri</strong></span> <span class='ocrx_word' id='word_1_17' title='bbox 1402 611 1595 677; x_wconf 87' lang='grc' dir='ltr'><em>κώμης</em></span> <span class='ocrx_word' id='word_1_18' title='bbox 1630 612 1947 676; x_wconf 85' lang='lat' dir='ltr'><strong>magistratus</strong></span> <span class='ocrx_word' id='word_1_19' title='bbox 1980 614 2045 666; x_wconf 88' lang='lat' dir='ltr'><strong>ab</strong></span> <span class='ocrx_word' id='word_1_20' title='bbox 2080 615 2210 666; x_wconf 89' lang='lat' dir='ltr'><strong>indi-</strong></span> 
     </span>
     <span class='ocr_line' id='line_1_4' title="bbox 255 706 2209 774; baseline 0.002 -15"><span class='ocrx_word' id='word_1_21' title='bbox 255 706 400 774; x_wconf 84' lang='lat' dir='ltr'><strong>genis</strong></span> <span class='ocrx_word' id='word_1_22' title='bbox 445 710 715 773; x_wconf 69' lang='lat' dir='ltr'><strong>geruntur,</strong></span> <span class='ocrx_word' id='word_1_23' title='bbox 762 706 905 772; x_wconf 91' lang='lat' dir='ltr'><strong>quod</strong></span> <span class='ocrx_word' id='word_1_24' title='bbox 952 709 1348 758; x_wconf 88' lang='lat' dir='ltr'><strong>consentaneum</strong></span> <span class='ocrx_word' id='word_1_25' title='bbox 1396 709 1470 757; x_wconf 90' lang='lat' dir='ltr'><strong>est</strong></span> <span class='ocrx_word' id='word_1_26' title='bbox 1510 707 1734 759; x_wconf 88' lang='lat' dir='ltr'><strong>consiliis</strong></span> <span class='ocrx_word' id='word_1_27' title='bbox 1769 723 1900 774; x_wconf 88' lang='lat' dir='ltr'><strong>quac</strong></span> <span class='ocrx_word' id='word_1_28' title='bbox 1936 710 2209 763; x_wconf 85' lang='lat' dir='ltr'><strong>Ptolemaei</strong></span> 
     </span>
     <span class='ocr_line' id='line_1_5' title="bbox 254 801 1536 867; baseline -0.002 -12"><span class='ocrx_word' id='word_1_29' title='bbox 254 802 308 855; x_wconf 87' lang='lat' dir='ltr'><strong>in</strong></span> <span class='ocrx_word' id='word_1_30' title='bbox 342 802 536 855; x_wconf 90' lang='lat' dir='ltr'><strong>civitate</strong></span> <span class='ocrx_word' id='word_1_31' title='bbox 567 802 967 854; x_wconf 89' lang='lat' dir='ltr'><strong>administranda</strong></span> <span class='ocrx_word' id='word_1_32' title='bbox 1000 817 1202 867; x_wconf 88' lang='lat' dir='ltr'><strong>semper</strong></span> <span class='ocrx_word' id='word_1_33' title='bbox 1235 801 1536 853; x_wconf 90' lang='lat' dir='ltr'><strong>habuerunt.</strong></span> 
     </span>
    </p>

    <p class='ocr_par' dir='ltr' id='par_1_3' title="bbox 322 897 2153 966">
     <span class='ocr_line' id='line_1_6' title="bbox 322 897 2153 966; baseline 0.002 -15"><span class='ocrx_word' id='word_1_34' title='bbox 322 897 437 951; x_wconf 87' lang='lat' dir='ltr'><strong>Hos</strong></span> <span class='ocrx_word' id='word_1_35' title='bbox 471 898 720 950; x_wconf 90' lang='lat' dir='ltr'><strong>habemus</strong></span> <span class='ocrx_word' id='word_1_36' title='bbox 754 897 948 964; x_wconf 86' lang='grc' dir='ltr'><em>κώμης</em></span> <span class='ocrx_word' id='word_1_37' title='bbox 983 897 1360 950; x_wconf 86' lang='lat' dir='ltr'><strong>Cerceosiridis·</strong></span> <span class='ocrx_word' id='word_1_38' title='bbox 1383 897 1615 964; x_wconf 87' lang='lat' dir='ltr'><strong>epistatas</strong></span> <span class='ocrx_word' id='word_1_39' title='bbox 1649 914 1710 950; x_wconf 88' lang='lat' dir='ltr'><strong>ex</strong></span> <span class='ocrx_word' id='word_1_40' title='bbox 1745 900 1949 966; x_wconf 90' lang='lat' dir='ltr'><strong>papyris</strong></span> <span class='ocrx_word' id='word_1_41' title='bbox 1983 905 2153 954; x_wconf 91' lang='lat' dir='ltr'><strong>notos:</strong></span> 
     </span>
    </p>

    <p class='ocr_par' dir='ltr' id='par_1_4' title="bbox 512 992 1973 1447">
     <span class='ocr_line' id='line_1_7' title="bbox 512 992 1907 1061; baseline 0.001 -16"><span class='ocrx_word' id='word_1_42' title='bbox 512 994 656 1045; x_wconf 77' lang='lat' dir='ltr'><strong>‘anno</strong></span> <span class='ocrx_word' id='word_1_43' title='bbox 689 997 804 1045; x_wconf 88' lang='lat' dir='ltr'><strong>ante</strong></span> <span class='ocrx_word' id='word_1_44' title='bbox 839 992 899 1045; x_wconf 91' lang='lat' dir='ltr'><strong>C.</strong></span> <span class='ocrx_word' id='word_1_45' title='bbox 941 994 1036 1044; x_wconf 89' lang='lat'><strong>120</strong></span> <span class='ocrx_word' id='word_1_46' title='bbox 1159 992 1365 1059; x_wconf 89' lang='lat' dir='ltr'><strong>epistata</strong></span> <span class='ocrx_word' id='word_1_47' title='bbox 1399 997 1503 1045; x_wconf 90' lang='lat' dir='ltr'><strong>erat</strong></span> <span class='ocrx_word' id='word_1_48' title='bbox 1538 995 1833 1047; x_wconf 87' lang='lat' dir='ltr'><strong>Heraclides</strong></span> <span class='ocrx_word' id='word_1_49' title='bbox 1866 997 1907 1061; x_wconf 90' lang='lat'><strong>2)</strong></span> 
     </span>
     <span class='ocr_line' id='line_1_8' title="bbox 855 1089 1906 1157; baseline -0.001 -14"><span class='ocrx_word' id='word_1_50' title='bbox 855 1120 877 1143; x_wconf 73' lang='lat' dir='ltr'><strong>n</strong></span> <span class='ocrx_word' id='word_1_51' title='bbox 942 1089 1124 1155; x_wconf 75' lang='grc'>118117</span> <span class='ocrx_word' id='word_1_52' title='bbox 1256 1121 1278 1143; x_wconf 84' lang='grc'><strong>,,</strong></span> <span class='ocrx_word' id='word_1_53' title='bbox 1440 1121 1462 1144; x_wconf 72' lang='grc' dir='ltr'><em>η</em></span> <span class='ocrx_word' id='word_1_54' title='bbox 1540 1090 1831 1142; x_wconf 90' lang='lat' dir='ltr'><strong>Demetrius</strong></span> <span class='ocrx_word' id='word_1_55' title='bbox 1864 1092 1906 1157; x_wconf 86' lang='lat'><strong>3)</strong></span> 
     </span>
     <span class='ocr_line' id='line_1_9' title="bbox 736 1187 1829 1252; baseline 0 -12"><span class='ocrx_word' id='word_1_56' title='bbox 736 1217 758 1240; x_wconf 77' lang='grc' dir='ltr'><em>η</em></span> <span class='ocrx_word' id='word_1_57' title='bbox 853 1217 875 1240; x_wconf 70' lang='grc' dir='ltr'><em>η</em></span> <span class='ocrx_word' id='word_1_58' title='bbox 940 1187 1033 1236; x_wconf 88' lang='grc'><strong>114</strong></span> <span class='ocrx_word' id='word_1_59' title='bbox 1255 1218 1277 1240; x_wconf 72' lang='grc' dir='ltr'><em>η</em></span> <span class='ocrx_word' id='word_1_60' title='bbox 1440 1218 1462 1241; x_wconf 67' lang='lat' dir='ltr'><em>n</em></span> <span class='ocrx_word' id='word_1_61' title='bbox 1539 1187 1752 1240; x_wconf 91' lang='lat' dir='ltr'><strong>Polemo</strong></span> <span class='ocrx_word' id='word_1_62' title='bbox 1787 1189 1829 1252; x_wconf 83' lang='lat'><strong>4)</strong></span> 
     </span>
     <span class='ocr_line' id='line_1_10' title="bbox 737 1284 1914 1350; baseline 0 -14"><span class='ocrx_word' id='word_1_63' title='bbox 737 1314 759 1336; x_wconf 75' lang='grc' dir='ltr'><em>η</em></span> <span class='ocrx_word' id='word_1_64' title='bbox 854 1309 889 1336; x_wconf 81' lang='lat'><strong>„-</strong></span> <span class='ocrx_word' id='word_1_65' title='bbox 938 1284 1029 1334; x_wconf 88' lang='grc'><strong>113</strong></span> <span class='ocrx_word' id='word_1_66' title='bbox 1252 1314 1275 1337; x_wconf 67' lang='grc' dir='ltr'><em>η</em></span> <span class='ocrx_word' id='word_1_67' title='bbox 1437 1315 1458 1337; x_wconf 71' lang='grc' dir='ltr'><em>η</em></span> <span class='ocrx_word' id='word_1_68' title='bbox 1532 1284 1839 1350; x_wconf 85' lang='lat' dir='ltr'><strong>Apollonius</strong></span> <span class='ocrx_word' id='word_1_69' title='bbox 1872 1285 1914 1350; x_wconf 88' lang='grc'><strong>5)</strong></span> 
     </span>
     <span class='ocr_line' id='line_1_11' title="bbox 735 1380 1973 1447; baseline -0.002 -14"><span class='ocrx_word' id='word_1_70' title='bbox 735 1410 746 1433; x_wconf 60' lang='lat' dir='ltr'><strong>r</strong></span> <span class='ocrx_word' id='word_1_71' title='bbox 851 1411 872 1433; x_wconf 73' lang='lat' dir='ltr'><strong>n</strong></span> <span class='ocrx_word' id='word_1_72' title='bbox 965 1381 990 1432; x_wconf 88' lang='lat'>?</span> <span class='ocrx_word' id='word_1_73' title='bbox 1253 1411 1276 1434; x_wconf 76' lang='grc' dir='ltr'><em>η</em></span> <span class='ocrx_word' id='word_1_74' title='bbox 1437 1411 1460 1434; x_wconf 72' lang='lat' dir='ltr'><em>n</em></span> <span class='ocrx_word' id='word_1_75' title='bbox 1533 1380 1882 1446; x_wconf 81' lang='lat' dir='ltr'><strong>Agatharchus</strong></span> <span class='ocrx_word' id='word_1_76' title='bbox 1914 1382 1973 1447; x_wconf 88' lang='grc'><strong>6).</strong></span> 
     </span>
    </p>

    <p class='ocr_par' dir='ltr' id='par_1_5' title="bbox 246 1473 2206 1833">
     <span class='ocr_line' id='line_1_12' title="bbox 318 1473 2206 1543; baseline 0.001 -15"><span class='ocrx_word' id='word_1_77' title='bbox 318 1473 473 1528; x_wconf 88' lang='lat' dir='ltr'><strong>Unde</strong></span> <span class='ocrx_word' id='word_1_78' title='bbox 529 1474 846 1527; x_wconf 81' lang='grc' dir='ltr'><strong><em>ἕπιστατείαν</em></strong></span> <span class='ocrx_word' id='word_1_79' title='bbox 895 1491 1118 1527; x_wconf 90' lang='lat' dir='ltr'><strong>annuam</strong></span> <span class='ocrx_word' id='word_1_80' title='bbox 1171 1480 1256 1528; x_wconf 89' lang='lat' dir='ltr'><strong>aut</strong></span> <span class='ocrx_word' id='word_1_81' title='bbox 1308 1476 1547 1528; x_wconf 90' lang='lat' dir='ltr'><strong>biennem</strong></span> <span class='ocrx_word' id='word_1_82' title='bbox 1599 1476 1757 1528; x_wconf 92' lang='lat' dir='ltr'><strong>fuisse</strong></span> <span class='ocrx_word' id='word_1_83' title='bbox 1808 1477 1977 1542; x_wconf 90' lang='lat' dir='ltr'><strong>colligi</strong></span> <span class='ocrx_word' id='word_1_84' title='bbox 2030 1481 2206 1543; x_wconf 83' lang='lat' dir='ltr'><strong>potest.</strong></span> 
     </span>
     <span class='ocr_line' id='line_1_13' title="bbox 250 1570 2205 1640; baseline 0.001 -16"><span class='ocrx_word' id='word_1_85' title='bbox 250 1571 323 1624; x_wconf 90' lang='lat' dir='ltr'><strong>Ut</strong></span> <span class='ocrx_word' id='word_1_86' title='bbox 368 1570 607 1627; x_wconf 88' lang='lat' dir='ltr'><strong>biennem</strong></span> <span class='ocrx_word' id='word_1_87' title='bbox 654 1587 765 1624; x_wconf 88' lang='lat' dir='ltr'><strong>eam</strong></span> <span class='ocrx_word' id='word_1_88' title='bbox 802 1572 959 1624; x_wconf 90' lang='lat' dir='ltr'><strong>fuisse</strong></span> <span class='ocrx_word' id='word_1_89' title='bbox 994 1572 1261 1624; x_wconf 89' lang='lat' dir='ltr'><strong>credamus</strong></span> <span class='ocrx_word' id='word_1_90' title='bbox 1295 1573 1473 1624; x_wconf 92' lang='lat' dir='ltr'><strong>suadet</strong></span> <span class='ocrx_word' id='word_1_91' title='bbox 1506 1572 1649 1638; x_wconf 92' lang='lat' dir='ltr'><strong>quod</strong></span> <span class='ocrx_word' id='word_1_92' title='bbox 1686 1573 1958 1625; x_wconf 89' lang='lat' dir='ltr'><strong>Moschion</strong></span> <span class='ocrx_word' id='word_1_93' title='bbox 1994 1574 2205 1640; x_wconf 89' lang='lat' dir='ltr'><strong>quidam</strong></span> 
     </span>
     <span class='ocr_line' id='line_1_14' title="bbox 249 1666 2203 1738; baseline 0.002 -19"><span class='ocrx_word' id='word_1_94' title='bbox 249 1666 548 1735; x_wconf 89' lang='lat' dir='ltr'><strong>Oxyrynchi</strong></span> <span class='ocrx_word' id='word_1_95' title='bbox 583 1669 679 1720; x_wconf 90' lang='lat' dir='ltr'><strong>vici</strong></span> <span class='ocrx_word' id='word_1_96' title='bbox 715 1669 922 1736; x_wconf 87' lang='lat' dir='ltr'><strong>epistata</strong></span> <span class='ocrx_word' id='word_1_97' title='bbox 955 1669 1052 1721; x_wconf 92' lang='lat' dir='ltr'><strong>fuit</strong></span> <span class='ocrx_word' id='word_1_98' title='bbox 1085 1673 1133 1721; x_wconf 94' lang='lat' dir='ltr'><strong>et</strong></span> <span class='ocrx_word' id='word_1_99' title='bbox 1166 1685 1304 1722; x_wconf 91' lang='lat' dir='ltr'><strong>anno</strong></span> <span class='ocrx_word' id='word_1_100' title='bbox 1333 1671 1398 1721; x_wconf 90' lang='lat'><strong>25</strong></span> <span class='ocrx_word' id='word_1_101' title='bbox 1429 1671 1703 1736; x_wconf 88' lang='lat' dir='ltr'><strong>Euergetae</strong></span> <span class='ocrx_word' id='word_1_102' title='bbox 1734 1670 1867 1735; x_wconf 88' lang='lat' dir='ltr'><strong>(ante</strong></span> <span class='ocrx_word' id='word_1_103' title='bbox 1885 1669 1945 1722; x_wconf 89' lang='lat' dir='ltr'><strong>C.</strong></span> <span class='ocrx_word' id='word_1_104' title='bbox 1965 1686 2013 1722; x_wconf 92' lang='lat' dir='ltr'><strong>n.</strong></span> <span class='ocrx_word' id='word_1_105' title='bbox 2032 1673 2203 1738; x_wconf 84' lang='grc'>223)7)</span> 
     </span>
     <span class='ocr_line' id='line_1_15' title="bbox 246 1765 1565 1833; baseline 0 -16"><span class='ocrx_word' id='word_1_106' title='bbox 246 1767 295 1817; x_wconf 90' lang='lat' dir='ltr'><strong>et</strong></span> <span class='ocrx_word' id='word_1_107' title='bbox 326 1779 464 1818; x_wconf 90' lang='lat' dir='ltr'><strong>anno</strong></span> <span class='ocrx_word' id='word_1_108' title='bbox 505 1767 524 1816; x_wconf 96' lang='lat' dir='ltr'><strong>l</strong></span> <span class='ocrx_word' id='word_1_109' title='bbox 567 1765 908 1833; x_wconf 85' lang='lat' dir='ltr'><strong>Philopatoris</strong></span> <span class='ocrx_word' id='word_1_110' title='bbox 945 1767 1079 1832; x_wconf 93' lang='lat' dir='ltr'><strong>(ante</strong></span> <span class='ocrx_word' id='word_1_111' title='bbox 1115 1766 1174 1819; x_wconf 88' lang='lat' dir='ltr'><strong>C.</strong></span> <span class='ocrx_word' id='word_1_112' title='bbox 1211 1782 1260 1818; x_wconf 92' lang='lat' dir='ltr'><strong>n.</strong></span> <span class='ocrx_word' id='word_1_113' title='bbox 1296 1766 1471 1833; x_wconf 75' lang='grc'>22211)</span> <span class='ocrx_word' id='word_1_114' title='bbox 1507 1768 1565 1833; x_wconf 88' lang='lat'><strong>8).</strong></span> 
     </span>
    </p>

    <p class='ocr_par' dir='ltr' id='par_1_6' title="bbox 314 1861 1825 1930">
     <span class='ocr_line' id='line_1_16' title="bbox 314 1861 1825 1930; baseline 0.001 -17"><span class='ocrx_word' id='word_1_115' title='bbox 314 1861 438 1915; x_wconf 92' lang='lat' dir='ltr'><strong>Duo</strong></span> <span class='ocrx_word' id='word_1_116' title='bbox 472 1863 741 1929; x_wconf 88' lang='lat' dir='ltr'><strong>praecipue</strong></span> <span class='ocrx_word' id='word_1_117' title='bbox 776 1864 1010 1930; x_wconf 89' lang='lat' dir='ltr'><strong>epistatae</strong></span> <span class='ocrx_word' id='word_1_118' title='bbox 1046 1879 1258 1915; x_wconf 90' lang='lat' dir='ltr'><strong>munera</strong></span> <span class='ocrx_word' id='word_1_119' title='bbox 1292 1863 1653 1929; x_wconf 89' lang='lat' dir='ltr'><strong>distinguenda</strong></span> <span class='ocrx_word' id='word_1_120' title='bbox 1687 1868 1825 1916; x_wconf 91' lang='lat' dir='ltr'><strong>sunt:</strong></span> 
     </span>
    </p>

    <p class='ocr_par' dir='ltr' id='par_1_7' title="bbox 317 1958 1713 2026">
     <span class='ocr_line' id='line_1_17' title="bbox 317 1958 1713 2026; baseline 0.001 -17"><span class='ocrx_word' id='word_1_121' title='bbox 317 1958 357 2010; x_wconf 90' lang='lat'><strong>1.</strong></span> <span class='ocrx_word' id='word_1_122' title='bbox 410 1973 623 2010; x_wconf 90' lang='lat' dir='ltr'><strong>munera</strong></span> <span class='ocrx_word' id='word_1_123' title='bbox 656 1959 721 2011; x_wconf 94' lang='lat' dir='ltr'><strong>ad</strong></span> <span class='ocrx_word' id='word_1_124' title='bbox 754 1959 1073 2026; x_wconf 90' lang='lat' dir='ltr'><strong>disciplinam</strong></span> <span class='ocrx_word' id='word_1_125' title='bbox 1110 1959 1365 2026; x_wconf 87' lang='lat' dir='ltr'><strong>publicam</strong></span> <span class='ocrx_word' id='word_1_126' title='bbox 1402 1960 1713 2026; x_wconf 90' lang='lat' dir='ltr'><strong>pertinentia.</strong></span> 
     </span>
    </p>

    <p class='ocr_par' dir='ltr' id='par_1_8' title="bbox 311 2055 1432 2123">
     <span class='ocr_line' id='line_1_18' title="bbox 311 2055 1432 2123; baseline 0.001 -17"><span class='ocrx_word' id='word_1_127' title='bbox 311 2055 358 2107; x_wconf 91' lang='lat'><strong>2.</strong></span> <span class='ocrx_word' id='word_1_128' title='bbox 411 2069 625 2108; x_wconf 90' lang='lat' dir='ltr'><strong>munera</strong></span> <span class='ocrx_word' id='word_1_129' title='bbox 658 2057 795 2123; x_wconf 89' lang='lat' dir='ltr'><strong>pacis</strong></span> <span class='ocrx_word' id='word_1_130' title='bbox 828 2056 1026 2120; x_wconf 83' lang='lat' dir='ltr'><strong>arbitri,</strong></span> <span class='ocrx_word' id='word_1_131' title='bbox 1063 2060 1119 2108; x_wconf 92' lang='lat' dir='ltr'><strong>ut</strong></span> <span class='ocrx_word' id='word_1_132' title='bbox 1153 2057 1219 2108; x_wconf 87' lang='lat' dir='ltr'><strong>ita</strong></span> <span class='ocrx_word' id='word_1_133' title='bbox 1253 2056 1432 2109; x_wconf 90' lang='lat' dir='ltr'><strong>dicam.</strong></span> 
     </span>
    </p>
   </div>
   <div class='ocr_carea' id='block_1_3' title="bbox 497 2257 1946 2420">
    <p class='ocr_par' dir='ltr' id='par_1_9' title="bbox 497 2257 1946 2420">
     <span class='ocr_line' id='line_1_19' title="bbox 497 2257 1946 2325; baseline 0.001 -17"><span class='ocrx_word' id='word_1_134' title='bbox 497 2257 583 2309; x_wconf 87' lang='lat' dir='ltr'><strong>De</strong></span> <span class='ocrx_word' id='word_1_135' title='bbox 612 2258 865 2323; x_wconf 76' lang='lat' dir='ltr'><strong>epistulae</strong></span> <span class='ocrx_word' id='word_1_136' title='bbox 897 2258 1191 2309; x_wconf 80' lang='lat' dir='ltr'><strong>maneribus</strong></span> <span class='ocrx_word' id='word_1_137' title='bbox 1224 2258 1300 2309; x_wconf 88' lang='lat' dir='ltr'><strong>aa&#39;</strong></span> <span class='ocrx_word' id='word_1_138' title='bbox 1330 2258 1659 2324; x_wconf 81' lang='lat' dir='ltr'><strong>disciplinam</strong></span> <span class='ocrx_word' id='word_1_139' title='bbox 1687 2258 1946 2325; x_wconf 80' lang='lat' dir='ltr'><strong>publicam</strong></span> 
     </span>
     <span class='ocr_line' id='line_1_20' title="bbox 931 2355 1410 2420; baseline 0.002 -14"><span class='ocrx_word' id='word_1_140' title='bbox 931 2376 933 2379; x_wconf 92' lang='lat'>·</span> <span class='ocrx_word' id='word_1_141' title='bbox 1026 2355 1410 2420; x_wconf 71' lang='lat' dir='ltr'><strong>pertinentibus,</strong></span> 
     </span>
    </p>
   </div>
   <div class='ocr_carea' id='block_1_4' title="bbox 240 2502 2199 2867">
    <p class='ocr_par' dir='ltr' id='par_1_10' title="bbox 240 2502 2199 2867">
     <span class='ocr_line' id='line_1_21' title="bbox 310 2502 2198 2577; baseline 0.001 -17"><span class='ocrx_word' id='word_1_142' title='bbox 310 2507 556 2575; x_wconf 84' lang='lat' dir='ltr'><strong>Epistatae</strong></span> <span class='ocrx_word' id='word_1_143' title='bbox 601 2509 842 2573; x_wconf 90' lang='lat' dir='ltr'><strong>malefici,</strong></span> <span class='ocrx_word' id='word_1_144' title='bbox 890 2525 920 2561; x_wconf 93' lang='lat' dir='ltr'><strong>a</strong></span> <span class='ocrx_word' id='word_1_145' title='bbox 955 2510 1218 2577; x_wconf 88' lang='lat' dir='ltr'><strong>phylacitis</strong></span> <span class='ocrx_word' id='word_1_146' title='bbox 1252 2511 1426 2562; x_wconf 88' lang='lat' dir='ltr'><strong>aliisve</strong></span> <span class='ocrx_word' id='word_1_147' title='bbox 1462 2502 1836 2577; x_wconf 89' lang='lat' dir='ltr'><strong>magistratibus</strong></span> <span class='ocrx_word' id='word_1_148' title='bbox 1870 2510 2198 2577; x_wconf 87' lang='lat' dir='ltr'><strong>deprehensi,</strong></span> 
     </span>
     <span class='ocr_line' id='line_1_22' title="bbox 241 2603 2199 2674; baseline 0.001 -18"><span class='ocrx_word' id='word_1_149' title='bbox 241 2603 527 2669; x_wconf 88' lang='lat' dir='ltr'><strong>traduntur,</strong></span> <span class='ocrx_word' id='word_1_150' title='bbox 574 2619 707 2671; x_wconf 91' lang='lat' dir='ltr'><strong>quos</strong></span> <span class='ocrx_word' id='word_1_151' title='bbox 753 2605 805 2656; x_wconf 92' lang='lat' dir='ltr'><strong>in</strong></span> <span class='ocrx_word' id='word_1_152' title='bbox 852 2607 1159 2673; x_wconf 88' lang='lat' dir='ltr'><strong>metropolin</strong></span> <span class='ocrx_word' id='word_1_153' title='bbox 1206 2607 1270 2659; x_wconf 92' lang='lat' dir='ltr'><strong>ad</strong></span> <span class='ocrx_word' id='word_1_154' title='bbox 1317 2611 1592 2674; x_wconf 88' lang='lat' dir='ltr'><strong>strategum</strong></span> <span class='ocrx_word' id='word_1_155' title='bbox 1635 2606 2013 2659; x_wconf 86' lang='lat' dir='ltr'><strong>transferendos</strong></span> <span class='ocrx_word' id='word_1_156' title='bbox 2047 2610 2199 2659; x_wconf 86' lang='lat' dir='ltr'><strong>curat.</strong></span> 
     </span>
     <span class='ocr_line' id='line_1_23' title="bbox 241 2699 2197 2771; baseline 0.002 -18"><span class='ocrx_word' id='word_1_157' title='bbox 241 2699 325 2753; x_wconf 89' lang='lat' dir='ltr'><strong>Sic</strong></span> <span class='ocrx_word' id='word_1_158' title='bbox 374 2701 618 2754; x_wconf 87' lang='lat' dir='ltr'><strong>Menches</strong></span> <span class='ocrx_word' id='word_1_159' title='bbox 670 2703 722 2753; x_wconf 92' lang='lat' dir='ltr'><strong>in</strong></span> <span class='ocrx_word' id='word_1_160' title='bbox 769 2702 1004 2769; x_wconf 88' lang='lat' dir='ltr'><strong>epistola,</strong></span> <span class='ocrx_word' id='word_1_161' title='bbox 1059 2704 1350 2756; x_wconf 84' lang='lat' dir='ltr'><strong>Ptolemaeo</strong></span> <span class='ocrx_word' id='word_1_162' title='bbox 1386 2708 1604 2770; x_wconf 88' lang='lat' dir='ltr'><strong>stratego</strong></span> <span class='ocrx_word' id='word_1_163' title='bbox 1639 2705 1776 2768; x_wconf 89' lang='lat' dir='ltr'><strong>data,</strong></span> <span class='ocrx_word' id='word_1_164' title='bbox 1829 2704 1995 2756; x_wconf 89' lang='lat' dir='ltr'><strong>virum</strong></span> <span class='ocrx_word' id='word_1_165' title='bbox 2043 2719 2197 2771; x_wconf 90' lang='lat' dir='ltr'><strong>quem</strong></span> 
     </span>
     <span class='ocr_line' id='line_1_24' title="bbox 240 2796 2199 2867; baseline 0.002 -18"><span class='ocrx_word' id='word_1_166' title='bbox 240 2796 657 2865; x_wconf 87' lang='lat' dir='ltr'><strong>deprehendisset</strong></span> <span class='ocrx_word' id='word_1_167' title='bbox 707 2798 760 2850; x_wconf 95' lang='lat' dir='ltr'><strong>in</strong></span> <span class='ocrx_word' id='word_1_168' title='bbox 813 2799 1086 2866; x_wconf 90' lang='lat' dir='ltr'><strong>aggeribus</strong></span> <span class='ocrx_word' id='word_1_169' title='bbox 1132 2800 1440 2852; x_wconf 85' lang='lat' dir='ltr'><strong>effodiendis</strong></span> <span class='ocrx_word' id='word_1_170' title='bbox 1486 2804 1813 2867; x_wconf 87' lang='lat' dir='ltr'><strong>occupatum,</strong></span> <span class='ocrx_word' id='word_1_171' title='bbox 1866 2801 2100 2867; x_wconf 88' lang='lat' dir='ltr'><strong>epistatae</strong></span> <span class='ocrx_word' id='word_1_172' title='bbox 2145 2816 2199 2853; x_wconf 91' lang='lat' dir='ltr'><strong>se</strong></span> 
     </span>
    </p>
   </div>
   <div class='ocr_carea' id='block_1_5' title="bbox 239 2925 506 2935">
    <p class='ocr_par' dir='ltr' id='par_1_11' title="bbox 239 2925 506 2935">
     <span class='ocr_line' id='line_1_25' title="bbox 239 2925 506 2935; baseline 0 0"><span class='ocrx_word' id='word_1_173' title='bbox 239 2925 506 2935; x_wconf 95' lang='lat' dir='ltr'><strong> </strong></span> 
     </span>
    </p>
   </div>
   <div class='ocr_carea' id='block_1_6' title="bbox 238 2998 2198 3756">
    <p class='ocr_par' dir='ltr' id='par_1_12' title="bbox 238 2998 2198 3211">
     <span class='ocr_line' id='line_1_26' title="bbox 294 2998 2198 3060; baseline 0.003 -19"><span class='ocrx_word' id='word_1_174' title='bbox 294 2998 332 3052; x_wconf 87' lang='lat'><strong>1)</strong></span> <span class='ocrx_word' id='word_1_175' title='bbox 388 2999 456 3042; x_wconf 77' lang='lat' dir='ltr'><strong>Cf.</strong></span> <span class='ocrx_word' id='word_1_176' title='bbox 485 3001 597 3053; x_wconf 85' lang='lat' dir='ltr'><strong>Pap.</strong></span> <span class='ocrx_word' id='word_1_177' title='bbox 634 3001 743 3042; x_wconf 82' lang='lat' dir='ltr'><strong>Tebt.</strong></span> <span class='ocrx_word' id='word_1_178' title='bbox 777 3001 815 3051; x_wconf 91' lang='lat'><strong>1,</strong></span> <span class='ocrx_word' id='word_1_179' title='bbox 845 3003 919 3043; x_wconf 85' lang='lat'><strong>40:</strong></span> <span class='ocrx_word' id='word_1_180' title='bbox 951 2999 1064 3051; x_wconf 81' lang='grc' dir='ltr'><strong><em>ἀξιῶ</em></strong></span> <span class='ocrx_word' id='word_1_181' title='bbox 1096 3001 1303 3052; x_wconf 85' lang='grc' dir='ltr'><em>συντάξαι</em></span> <span class='ocrx_word' id='word_1_182' title='bbox 1332 3001 1502 3058; x_wconf 84' lang='grc' dir='ltr'><em>γράψαι</em></span> <span class='ocrx_word' id='word_1_183' title='bbox 1531 3003 1791 3059; x_wconf 85' lang='grc' dir='ltr'><strong><em>Δημητρίωι</em></strong></span> <span class='ocrx_word' id='word_1_184' title='bbox 1821 3008 1900 3046; x_wconf 84' lang='grc' dir='ltr'><strong>τῶι</strong></span> <span class='ocrx_word' id='word_1_185' title='bbox 1931 3009 2008 3059; x_wconf 86' lang='grc' dir='ltr'><strong>τῆς</strong></span> <span class='ocrx_word' id='word_1_186' title='bbox 2036 3003 2198 3060; x_wconf 83' lang='grc' dir='ltr'><strong><em>κώμης</em></strong></span> 
     </span>
     <span class='ocr_line' id='line_1_27' title="bbox 238 3074 2197 3137; baseline 0.003 -17"><span class='ocrx_word' id='word_1_187' title='bbox 238 3074 453 3120; x_wconf 64' lang='lat' dir='ltr'><strong>§attotam</strong></span> <span class='ocrx_word' id='word_1_188' title='bbox 491 3075 568 3121; x_wconf 81' lang='grc' dir='ltr'><strong>καὶ</strong></span> <span class='ocrx_word' id='word_1_189' title='bbox 606 3076 828 3133; x_wconf 83' lang='grc' dir='ltr'><strong><em>Νικάνορι</em></strong></span> <span class='ocrx_word' id='word_1_190' title='bbox 867 3077 1206 3134; x_wconf 81' lang='grc' dir='ltr'><strong><em>ἀρχιφυλακίτει</em></strong></span> <span class='ocrx_word' id='word_1_191' title='bbox 1246 3079 1323 3123; x_wconf 84' lang='grc' dir='ltr'><strong>καὶ</strong></span> <span class='ocrx_word' id='word_1_192' title='bbox 1363 3081 1538 3136; x_wconf 80' lang='grc' dir='ltr'><em>Μεγχεῖ</em></span> <span class='ocrx_word' id='word_1_193' title='bbox 1572 3087 1957 3137; x_wconf 83' lang='grc' dir='ltr'><strong><em>κωμογραμματεΐ</em></strong></span> <span class='ocrx_word' id='word_1_194' title='bbox 1989 3080 2066 3125; x_wconf 83' lang='grc' dir='ltr'><strong>καὶ</strong></span> <span class='ocrx_word' id='word_1_195' title='bbox 2108 3088 2197 3130; x_wconf 83' lang='grc' dir='ltr'><strong><em>τοῖς</em></strong></span> 
     </span>
     <span class='ocr_line' id='line_1_28' title="bbox 238 3153 1031 3211; baseline 0.003 -14"><span class='ocrx_word' id='word_1_196' title='bbox 238 3153 552 3210; x_wconf 75' lang='grc' dir='ltr'><strong><em>πρεσβυτέροις</em></strong></span> <span class='ocrx_word' id='word_1_197' title='bbox 580 3159 670 3198; x_wconf 79' lang='grc' dir='ltr'><strong>τῶν</strong></span> <span class='ocrx_word' id='word_1_198' title='bbox 698 3160 910 3211; x_wconf 78' lang='grc' dir='ltr'><strong><em>γεωργῶν</em></strong></span> <span class='ocrx_word' id='word_1_199' title='bbox 938 3156 1031 3199; x_wconf 80' lang='grc' dir='ltr'><strong><em>κτλ.</em></strong></span> 
     </span>
    </p>

    <p class='ocr_par' dir='ltr' id='par_1_13' title="bbox 293 3232 969 3287">
     <span class='ocr_line' id='line_1_29' title="bbox 293 3232 969 3287; baseline 0.001 -11"><span class='ocrx_word' id='word_1_200' title='bbox 293 3232 330 3286; x_wconf 87' lang='lat'><strong>2)</strong></span> <span class='ocrx_word' id='word_1_201' title='bbox 386 3234 497 3286; x_wconf 88' lang='lat' dir='ltr'><strong>Pap.</strong></span> <span class='ocrx_word' id='word_1_202' title='bbox 532 3234 644 3276; x_wconf 76' lang='lat' dir='ltr'><em>Tebt.</em></span> <span class='ocrx_word' id='word_1_203' title='bbox 677 3235 716 3285; x_wconf 88' lang='lat'><strong>1,</strong></span> <span class='ocrx_word' id='word_1_204' title='bbox 747 3235 849 3287; x_wconf 74' lang='lat'><strong>6111,</strong></span> <span class='ocrx_word' id='word_1_205' title='bbox 879 3237 969 3277; x_wconf 84' lang='lat'><strong>286.</strong></span> 
     </span>
    </p>

    <p class='ocr_par' dir='ltr' id='par_1_14' title="bbox 293 3310 690 3363">
     <span class='ocr_line' id='line_1_30' title="bbox 293 3310 690 3363; baseline 0.008 -12"><span class='ocrx_word' id='word_1_206' title='bbox 293 3310 329 3363; x_wconf 82' lang='grc'><strong>3)</strong></span> <span class='ocrx_word' id='word_1_207' title='bbox 387 3311 492 3354; x_wconf 73' lang='lat' dir='ltr'><strong>Ibid.</strong></span> <span class='ocrx_word' id='word_1_208' title='bbox 521 3313 595 3362; x_wconf 84' lang='lat'><strong>43;</strong></span> <span class='ocrx_word' id='word_1_209' title='bbox 625 3314 690 3354; x_wconf 86' lang='lat'><strong>40.</strong></span> 
     </span>
    </p>

    <p class='ocr_par' dir='ltr' id='par_1_15' title="bbox 293 3389 798 3441">
     <span class='ocr_line' id='line_1_31' title="bbox 293 3389 798 3441; baseline 0.012 -14"><span class='ocrx_word' id='word_1_210' title='bbox 293 3389 335 3441; x_wconf 79' lang='grc'><strong>4).</strong></span> <span class='ocrx_word' id='word_1_211' title='bbox 389 3389 494 3432; x_wconf 85' lang='lat' dir='ltr'><strong>Ibid.</strong></span> <span class='ocrx_word' id='word_1_212' title='bbox 529 3391 598 3439; x_wconf 86' lang='lat'><strong>13;</strong></span> <span class='ocrx_word' id='word_1_213' title='bbox 634 3392 703 3440; x_wconf 87' lang='lat'><strong>15;</strong></span> <span class='ocrx_word' id='word_1_214' title='bbox 733 3392 798 3433; x_wconf 87' lang='lat'><strong>39.</strong></span> 
     </span>
    </p>

    <p class='ocr_par' dir='ltr' id='par_1_16' title="bbox 293 3466 587 3519">
     <span class='ocr_line' id='line_1_32' title="bbox 293 3466 587 3519; baseline 0.01 -12"><span class='ocrx_word' id='word_1_215' title='bbox 293 3466 329 3519; x_wconf 84' lang='grc'><strong>5)</strong></span> <span class='ocrx_word' id='word_1_216' title='bbox 388 3467 493 3509; x_wconf 91' lang='lat' dir='ltr'><strong>Ibid.</strong></span> <span class='ocrx_word' id='word_1_217' title='bbox 522 3469 587 3510; x_wconf 87' lang='lat'><strong>38.</strong></span> 
     </span>
    </p>

    <p class='ocr_par' dir='ltr' id='par_1_17' title="bbox 291 3544 612 3597">
     <span class='ocr_line' id='line_1_33' title="bbox 291 3544 612 3597; baseline 0.003 -10"><span class='ocrx_word' id='word_1_218' title='bbox 291 3544 329 3597; x_wconf 74' lang='grc' dir='ltr'><strong>ὅ)</strong></span> <span class='ocrx_word' id='word_1_219' title='bbox 386 3546 491 3588; x_wconf 84' lang='lat' dir='ltr'><strong>Ibid.</strong></span> <span class='ocrx_word' id='word_1_220' title='bbox 526 3548 612 3590; x_wconf 90' lang='grc'>133.</span> 
     </span>
    </p>

    <p class='ocr_par' dir='ltr' id='par_1_18' title="bbox 292 3622 788 3678">
     <span class='ocr_line' id='line_1_34' title="bbox 292 3622 788 3678; baseline 0.002 -12"><span class='ocrx_word' id='word_1_221' title='bbox 292 3622 328 3675; x_wconf 88' lang='grc'><strong>7)</strong></span> <span class='ocrx_word' id='word_1_222' title='bbox 384 3624 436 3666; x_wconf 88' lang='grc' dir='ltr'><strong>Ρ.</strong></span> <span class='ocrx_word' id='word_1_223' title='bbox 467 3625 520 3667; x_wconf 88' lang='grc' dir='ltr'><strong>Ρ.</strong></span> <span class='ocrx_word' id='word_1_224' title='bbox 552 3625 611 3676; x_wconf 87' lang='lat'><strong>11,</strong></span> <span class='ocrx_word' id='word_1_225' title='bbox 641 3627 687 3676; x_wconf 87' lang='lat'><strong>2,</strong></span> <span class='ocrx_word' id='word_1_226' title='bbox 719 3625 788 3678; x_wconf 83' lang='lat'><strong>(2).</strong></span> 
     </span>
    </p>

    <p class='ocr_par' dir='ltr' id='par_1_19' title="bbox 292 3699 773 3756">
     <span class='ocr_line' id='line_1_35' title="bbox 292 3699 773 3756; baseline 0.004 -13"><span class='ocrx_word' id='word_1_227' title='bbox 292 3699 328 3753; x_wconf 86' lang='lat'><strong>8)</strong></span> <span class='ocrx_word' id='word_1_228' title='bbox 383 3702 495 3755; x_wconf 88' lang='lat' dir='ltr'><strong>Pap.</strong></span> <span class='ocrx_word' id='word_1_229' title='bbox 525 3703 677 3756; x_wconf 72' lang='lat' dir='ltr'><strong>Maga.</strong></span> <span class='ocrx_word' id='word_1_230' title='bbox 709 3706 773 3745; x_wconf 91' lang='lat'><strong>21.</strong></span> 
     </span>
    </p>
   </div>
  </div>
 </body>
</html>
