2612 4412
1222 346 1284 394 57

341 498 434 564 Egi
470 499 568 550 iam
605 514 758 565 supra
788 499 852 550 de
879 501 1397 565 κωμογραμματέως
1432 501 1699 553 fraudibus
1736 503 1786 552 in
1818 503 2035 568 praediis
2070 504 2232 555 cleru-

270 594 380 648 chis
414 595 492 646 vel
530 595 730 662 templis
765 595 1133 647 distribuendis
1169 596 1225 660 1).

339 788 480 839 Haec
514 788 768 840 hactenus
822 788 1059 840 Vidimus
1094 794 1574 855 κωμογραμματεῖ,
1626 791 1835 841 nomine
1871 792 2003 856 regis
2039 797 2229 855 creatO,

270 885 310 936 11
363 888 478 936 ante
529 885 589 937 C.
641 885 843 937 saeculo
897 885 1129 951 inprimis
1183 885 1477 936 mandatum
1531 887 1688 938 fuisse
1740 892 1794 938 ut
1845 889 2037 955 κώμης
2079 905 2231 955 agros

266 980 661 1044 administraret,
698 985 754 1032 ut
786 982 1088 1033 colonorum
1124 981 1310 1033 tributa
1345 983 1509 1047 exigat
1543 983 1982 1049 administretque,
2019 1001 2231 1050 aggeres

267 1081 316 1128 et
365 1077 558 1141 fossaS,
617 1093 748 1143 quae
801 1082 941 1129 erant
993 1079 1121 1130 intra
1172 1079 1365 1146 κώμης
1417 1079 1577 1143 fines,
1634 1084 1799 1143 curet,
1856 1081 2231 1145 magistratibus

266 1173 619 1240 superioribus
655 1173 703 1225 in
743 1174 958 1240 liturgiis
993 1174 1359 1227 distribuendis
1393 1180 1640 1242 appareat.

333 1270 466 1321 Tum
513 1269 760 1336 quasdam
809 1274 972 1336 partes
1018 1272 1198 1336 agebat
1234 1271 1283 1322 in
1324 1273 1475 1338 regiis
1511 1273 1826 1339 monopoliis
1861 1275 2228 1337 sustentandiS,

265 1379 360 1418 nec
391 1369 558 1418 tamen
594 1370 819 1418 accurate
853 1369 1088 1420 constitui
1124 1374 1310 1435 potest,
1348 1370 1522 1435 quales
1558 1370 1757 1421 fuerint.

334 1461 536 1514 Deinde
570 1470 1034 1532 κωμογραμματεῖ,
1063 1466 1216 1517 libelli
1254 1466 1361 1518 dari
1399 1471 1637 1533 possunt,
1680 1468 1870 1533 quibus
1906 1469 1969 1519 ab
2007 1483 2068 1519 eo
2105 1469 2228 1534 peti-

263 1561 346 1610 tur
380 1562 435 1610 ut
467 1574 668 1611 causam
707 1560 962 1614 iudicibus
997 1564 1403 1629 competentibus
1437 1564 1639 1615 deferat.

333 1656 571 1724 Denique
606 1659 651 1711 ei
689 1659 768 1710 ius
802 1659 1120 1711 coercitionis
1156 1664 1242 1712 est.

333 1754 387 1805 In
437 1754 498 1806 111
545 1759 658 1807 ante
706 1755 766 1807 C.
814 1757 997 1808 saeculi
1035 1757 1238 1824 papyris
1275 1758 1445 1809 minus
1481 1758 1721 1824 frequens
1758 1759 1947 1810 mentio
1985 1759 2093 1809 eius
2129 1762 2228 1820 est,

262 1864 370 1916 quo
414 1849 474 1902 fit
519 1854 573 1902 ut
617 1868 748 1917 quae
795 1856 915 1904 tunc
948 1854 1192 1920 temporis
1227 1870 1440 1906 munera
1474 1856 1583 1907 eius
1617 1856 1806 1907 fuerint
1838 1859 2064 1907 accurate
2099 1855 2228 1906 defi-

263 1946 360 1998 niri
413 1961 519 2000 non
571 1948 744 2014 possit.
799 1950 898 2002 Sed
945 1966 1187 2016 agrorum
1235 1951 1601 2004 administratio
1648 1953 1946 2004 comarchae
1992 1951 2228 2003 mandata

261 2046 388 2107 erat,
431 2043 484 2096 id
519 2045 661 2111 quod
698 2047 857 2113 capite
892 2048 1121 2113 sequenti
1158 2048 1506 2101 demonstrare
1541 2049 1856 2101 conabimur.

330 2141 560 2193 Fortasse
595 2143 1097 2210 κωμογραμματεύς
1132 2145 1428 2197 comarchae
1464 2146 1516 2196 in
1547 2146 1626 2198 his
1657 2146 1957 2198 muneribus
1987 2147 2229 2212 gerendis

258 2236 448 2289 auxilio
483 2241 599 2290 erat.

259 2411 527 2419 ——..

313 2537 350 2590 1)
406 2550 447 2590 p.
477 2540 529 2581 38
559 2551 620 2591 sq.
