2612 4412
1364 395 1424 443 10

409 546 859 597 administrationis
885 545 1110 611 partibus
1137 549 1376 611 praesunt
1387 564 1399 609 ;
1435 561 1658 611 quorum
1697 547 1726 597 ὁ
1763 546 1846 597 ἐπὶ
1878 551 1983 598 τῶν
2017 549 2307 614 προσόδων
2321 552 2360 615 1)

413 644 554 693 nomi
607 643 760 694 rebus
806 642 1064 693 fiscalibus
1106 643 1423 707 praepositus
1476 646 1561 693 est.
1636 644 1771 694 Huic
1824 643 1920 694 iam
1977 659 2157 697 omnes
2208 647 2365 712 magi-

410 742 591 789 stratus
645 742 819 802 parent
870 738 957 803 qui
995 738 1100 789 fisci
1140 754 1219 789 res
1255 739 1306 788 in
1345 754 1503 790 nomo
1550 745 1748 803 curant;
1793 755 1853 790 ex
1895 740 2084 805 quibus
2118 741 2218 792 hoc
2250 742 2366 794 loco

411 838 840 885 commemoretur
908 833 1221 898 οἰκονόμος,
1293 835 1371 884 cui
1436 850 1555 885 cura
1616 835 1933 900 vectigalium
1997 835 2365 901 exigendorum

413 932 645 982 mandata
697 935 770 982 est
803 932 860 997 2),
915 933 1000 982 Me
1048 931 1214 982 iudice
1262 932 1312 981 in
1361 932 1616 997 plerisque
1664 932 1832 983 nomis
1879 933 2051 998 plures
2097 933 2365 986 oeconomi

411 1027 641 1090 fueruntJ
690 1026 960 1077 oeconomi
1009 1027 1143 1076 enim
1195 1042 1406 1077 munera
1451 1029 1550 1076 tam
1601 1026 1757 1077 multa
1802 1030 1921 1077 sunt
1964 1042 2022 1077 ac
2067 1027 2202 1078 varia
2224 1027 2266 1092 3)
2313 1030 2369 1079 ut

411 1122 618 1186 cogitari
667 1124 749 1173 vix
798 1122 958 1188 possit
1000 1137 1160 1172 unum
1199 1122 1364 1173 virum
1401 1122 1569 1174 solum
1608 1122 1690 1172 illa
1725 1123 1899 1173 omnia
1933 1125 2198 1174 executum
2233 1136 2367 1187 esse;

412 1221 664 1283 praeterea
711 1223 926 1269 nomum
974 1218 1280 1270 Arsinoitam
1326 1220 1496 1284 plures
1548 1233 1861 1270 oeconomos
1908 1219 2146 1270 habuisse
2172 1219 2368 1286 >papyri

413 1317 552 1381 ipsae
589 1319 829 1366 testantur
861 1316 918 1381 4).

484 1412 684 1462 Deinde
727 1416 817 1462 τοῦ
859 1412 942 1462 ἐπὶ
976 1416 1082 1463 τῶν
1115 1412 1405 1478 προσόδων
1442 1412 1668 1478 potestati
1703 1412 1959 1464 subiectus
1994 1416 2068 1463 est
2101 1411 2372 1477 βασιλικὸς

416 1508 782 1573 γραμματεύς,
834 1508 913 1559 cui
950 1524 1070 1573 ager
1106 1509 1246 1560 nomi
1283 1509 1714 1560 administrandus
1750 1509 2018 1560 mandatus
2053 1513 2178 1574 erat;
2219 1510 2369 1576 βασι-

413 1604 548 1670 λικῷ
570 1608 735 1655 autem
763 1609 1062 1670 γραμματεῖ
1080 1609 1254 1670 parent
1278 1606 1750 1672 τοπογραμματεύς
1775 1610 1822 1657 et
1844 1603 2370 1672 κωμογραμματεύς,

412 1701 524 1771 qui·
550 1701 601 1751 in
651 1701 867 1766 singulis
911 1702 1044 1767 topis
1091 1702 1276 1753 vicisve
1322 1717 1500 1767 agrum
1537 1701 1967 1754 administrabant.
2015 1702 2113 1754 Sed
2151 1702 2274 1754 haec
2303 1700 2369 1753 ad

415 1798 745 1863 posteriorem
783 1801 975 1849 tantum
1015 1799 1421 1850 Ptolemaeorum
1457 1802 1664 1849 aetatem
1698 1798 1947 1864 pertinent
1959 1815 1970 1862 ;
2010 1799 2070 1848 111
2096 1797 2232 1849 enim
2255 1799 2371 1849 ante

415 1894 474 1945 C.
523 1894 724 1945 saeculo
773 1910 878 1946 non
920 1894 1189 1960 βασιλικὸς
1226 1895 1589 1960 γραμματεύς,
1637 1894 2136 1960 τοπογραμματεύς,
2181 1912 2368 1963 κωμο-
2417 1899 2420 1902 ⁴

416 1991 756 2056 γραμματεύς
806 2007 984 2056 agrum
1040 1993 1182 2044 nomi
1229 1992 1580 2043 administrant
1624 1991 1714 2043 sed
1763 1991 2060 2054 nomarcha,
2106 1990 2368 2058 toparcha,

414 2087 704 2149 comarcha,
742 2087 829 2152 qui
867 2088 1183 2153 magistratus
1214 2088 1311 2138 iam
1339 2089 1662 2139 pharaonum
1689 2087 2006 2154 temporibus
2030 2087 2154 2138 illud
2181 2101 2372 2139 munus

414 2184 604 2234 obiisse
640 2183 890 2234 videntur.

484 2284 631 2340 Quae
684 2282 1203 2347 κωμογραμματέως
1249 2286 1296 2331 et
1342 2282 1637 2332 comarchae
1683 2296 1895 2333 munera
1941 2281 2152 2344 fuerint,
2219 2280 2271 2332 id
2318 2281 2370 2332 in

415 2380 588 2428 nostra
622 2377 970 2429 dissertatione
1005 2392 1335 2443 exponemus

485 2474 711 2539 Stratego
746 2474 1020 2525 securitatis
1056 2474 1287 2539 publicae
1323 2490 1493 2525 curam
1531 2475 1683 2525 totius
1722 2474 1863 2525 nomi
1898 2473 2183 2525 mandatam
2215 2472 2374 2524 fuisse

417 2570 515 2620 iarn
564 2586 717 2636 supra
764 2571 1174 2622 memoravimus.
1228 2571 1398 2631 Quam
1437 2586 1607 2622 curam
1645 2571 1727 2621 ille
1762 2570 1959 2635 delegat
1993 2570 2232 2637 ἐπιστάτῃ
2267 2571 2375 2620 τῶν

417 2666 723 2730 φυλακιτῶν
768 2671 858 2717 τοῦ
906 2671 1092 2732 νομοῦ.
1145 2667 1243 2718 Hic
1290 2667 1442 2732 igitur
1478 2667 1793 2733 praepositus
1828 2670 1901 2719 est
1941 2665 2191 2718 universis
2225 2665 2373 2733 ‹3922-
2406 2739 2408 2742 ‚

417 2763 724 2827 φυλακίταις
759 2767 851 2814 τοῦ
887 2763 1052 2814 τόπου
1090 2767 1136 2813 et
1171 2763 1458 2820 ἐπιστάταις
1493 2764 1715 2830 κώμης,
1767 2764 1855 2828 qui
1891 2763 1996 2829 topi
2033 2762 2192 2815 vicive
2226 2761 2375 2814 disci-

418 2859 608 2924 plinam
687 2859 941 2924 publicam
1006 2863 1283 2911 sustentare
1336 2860 1536 2911 debent.
1613 2859 1887 2927 Ἐπιστάτῃ
1951 2863 2118 2911 autem
2183 2858 2376 2926 κώμης

417 2956 676 3007 subiectus
729 2960 801 3007 est
854 2956 1268 3023 ἀρχιφυλακίτης
1321 2958 1541 3023 κώμης,
1600 2958 1688 3023 qui
1742 2957 1848 3023 ipse
1896 2960 2090 3022 praeest
2134 2955 2377 3008 ministris

419 3052 659 3117 publiciS‚
698 3053 786 3118 qui
823 3054 1138 3118 appellantur
1172 3053 1451 3118 φυλακῖται
1474 3054 1531 3118 5).

476 3263 508 3313 1)
570 3263 623 3303 111
670 3266 765 3303 ante
809 3263 858 3303 C.
904 3265 1069 3304 saeculo
1114 3264 1181 3303 hic
1226 3263 1490 3313 magistratus
1535 3263 1723 3303 nondum
1768 3266 1874 3312 erat,
1920 3263 1992 3303 sed
2038 3265 2243 3314 strategus
2286 3263 2377 3315 ipse

419 3353 593 3381 munera
622 3341 879 3392 praestabat,
901 3353 1018 3392 <quae
1047 3345 1192 3392 postea
1232 3346 1289 3394 τῷ
1319 3339 1389 3387 ἐπὶ
1419 3345 1508 3382 τῶν
1537 3340 1773 3394 προσόδων
1803 3342 1938 3383 delata
1966 3344 2094 3383 erant.
2139 3342 2175 3384 11
2206 3351 2378 3394 quoque

419 3420 586 3460 saeculo
618 3431 790 3459 munera
818 3423 1062 3472 στρατηγοῦ
1094 3422 1134 3460 et
1162 3417 1339 3460 robam*
1369 3422 1457 3459 τῶν
1485 3419 1722 3472 προσόδων
1751 3431 1874 3470 saepe
1888 3420 1942 3460 ab
1957 3431 2043 3460 uno
2057 3420 2148 3461 viro
2161 3421 2375 3471 geruntur.

475 3498 514 3548 2)
572 3497 606 3537 ΙΙ
637 3500 732 3538 ante
762 3497 811 3538 C.
843 3499 1009 3538 saeculo
1039 3498 1232 3538 novimus
1261 3496 1499 3549 οἶκονόμον
1529 3495 1787 3551 ἀργυρικῶν
1817 3499 1856 3537 et
1886 3495 2124 3550 οἰκονόμον
2151 3499 2347 3538 σιτικῶν.

476 3576 511 3626 3)
569 3575 635 3617 Cf.
668 3577 871 3626 imprimis
899 3576 995 3620 Rev.
1027 3576 1254 3627 Papyrum.
2055 3569 2057 3571 ¹

474 3654 511 3704 4)
569 3653 635 3695 Cf.
666 3654 803 3694 Petrie
827 3654 936 3705 Pap.
969 3655 1024 3694 ΙΙΙ
1058 3654 1188 3696 Praef.
1218 3666 1258 3704 p.
1293 3655 1338 3693 14
1369 3654 1425 3704 (1,
1461 3655 1529 3703 16,
1561 3654 1614 3704 2).

476 3732 512 3782 5)
571 3731 635 3771 De
665 3731 988 3782 archiphylacita
1017 3731 1319 3783 phylacitisque
1347 3731 1399 3771 cf.
1431 3733 1557 3781 caput
1588 3732 1663 3780 lv,
1696 3732 1747 3771 de
1777 3732 1954 3791 epistata
1978 3732 2058 3772 vici
2088 3732 2213 3782 caput
2241 3730 2291 3771 V.
