2612 4412
1068 1095 1406 1155 CAPUT
1487 1097 1606 1154 III.

930 1458 1034 1495 DE
1112 1447 1748 1511 COMARCHAI).

1326 1626 1356 1674 Ι.

427 1776 605 1842 Capite
662 1776 978 1843 praecedenti
1036 1777 1260 1829 vidimus
1317 1780 1818 1845 κωμογραμματεύς
1869 1796 1997 1846 quas
2049 1784 2213 1847 partes
2263 1781 2316 1832 in

360 1873 521 1939 κώμῃ
558 1872 805 1939 Aegyptia
837 1872 1236 1924 administranda
1274 1875 1311 1924 ll
1349 1878 1463 1926 ante
1506 1875 1565 1927 C.
1601 1876 1802 1927 saeculo
1838 1876 2005 1941 egerit.
2065 1877 2319 1938 Quamvis
2387 1889 2389 1891 ·

359 1973 525 2020 autem
574 1969 638 2019 de
684 1969 978 2020 comarchae
1024 1973 1287 2034 potestate,
1336 1970 1500 2035 qualis
1545 1971 1696 2022 fuerit
1744 1973 1804 2022 111
1852 1975 1965 2022 ante
2012 1971 2071 2023 C.
2114 1972 2320 2025 saeculo

361 2064 512 2130 paulo
557 2065 740 2116 melius
773 2065 937 2116 edocti
974 2065 1135 2116 simus
1170 2081 1324 2131 quam
1361 2066 1426 2117 de
1461 2066 1688 2118 eiusdem
1727 2068 2045 2134 magistratus
2078 2071 2321 2135 potestate

358 2161 561 2212 saeculo
615 2163 652 2211 ΙΙ
707 2161 985 2225 diminuta,
1040 2167 1206 2213 tamen
1260 2163 1489 2229 expedit,
1544 2179 1649 2229 quo
1702 2166 2221 2231 κωμογραμματέως
2271 2169 2320 2217 et

359 2258 654 2310 comarchae
690 2261 955 2324 potestates
991 2259 1173 2310 melius
1209 2260 1486 2326 comparari
1525 2261 1743 2326 possint,
1783 2263 2005 2326 primurn
2042 2276 2316 2328 exponere,

358 2369 634 2419 quemnam
671 2355 839 2407 locum
878 2357 1145 2407 comarcha
1182 2357 1220 2406 II
1257 2372 1382 2408 saec.
1421 2357 1708 2409 obtinuerit.

428 2451 602 2503 Primo
638 2451 748 2503 loco
784 2453 1144 2518 quaerentibus
1180 2454 1415 2519 quisnam
1454 2455 1771 2506 comarcham
1806 2454 2162 2517 nominaverit,
2200 2454 2318 2506 certi

361 2548 485 2597 nihil
522 2553 749 2600 constare
785 2550 1219 2616 respondendum.
1261 2551 1525 2602 Habemus
1561 2555 1727 2603 autem
1760 2566 2004 2617 paperS,
2041 2550 2321 2618 posteriore

358 2649 513 2695 aetate
551 2646 779 2702 Romana
812 2647 1041 2713 scriptaS,
1081 2647 1218 2699 unde
1254 2649 1598 2714 κωμαρχείαν
1633 2654 1754 2700 tunc
1786 2648 2106 2715 λειτουργίαν
2142 2647 2318 2711 fuisse,

359 2743 679 2793 comarcham
717 2743 909 2809 κώμης
945 2745 1124 2795 incolis
1159 2745 1451 2796 auctoribus
1483 2745 1799 2796 nominatum
1834 2760 1942 2796 esse
1969 2760 1998 2795 a
2023 2743 2318 2810 ‘magistratu
2390 2728 2392 2731 .

360 2838 447 2902 qui
486 2853 644 2890 nomo
682 2843 953 2904 praeesset,
990 2845 1195 2905 apparet
1228 2843 1285 2906 2).
1336 2842 1407 2891 Ex
1443 2840 1633 2906 quibus
1667 2841 2010 2908 κωμαρχείαν
2043 2839 2321 2906 antiquitus

359 2934 678 3001 λειτουργίαν
713 2936 869 2987 fuisse
904 2936 1114 2988 fortasse
1150 2937 1381 3002 colligas:
1419 2937 1532 2988 talia
1567 2939 1702 2988 enim
1739 2937 1961 2988 instituta
1996 2937 2177 2988 mutari
2212 2951 2320 2989 non

415 3154 450 3205 1)
510 3155 573 3195 De
603 3157 823 3196 comarcha
852 3158 1004 3206 agunt:

419 3233 473 3272 H.
503 3234 718 3284 Maspero,
749 3234 826 3273 Les
853 3234 1060 3274 finances
1089 3235 1142 3274 de
1168 3223 1362 3285 l'Egypte
1386 3247 1488 3274 sous
1517 3235 1574 3274 les
1602 3235 1781 3284 Lagides
1810 3246 1879 3285 pp.
1915 3235 2009 3283 186;
2037 3236 2127 3274 212.

420 3310 827 3362 Botiche-Leclercq,
858 3312 969 3351 Hist.
1002 3313 1042 3351 d.
1074 3313 1177 3363 Lag.
1212 3313 1266 3352 ΠΙ
1298 3324 1338 3362 p.
1374 3314 1446 3353 132
1478 3325 1538 3363 sq.

416 3388 452 3439 2)
509 3389 615 3439 Pap.
656 3390 768 3429 Fior.
800 3391 824 3428 2
855 3389 947 3430 Col.
978 3390 1077 3438 VII;
1118 3390 1227 3440 Pap.
1261 3390 1459 3430 Amlzerst
1495 3391 1553 3439 ΙΙ,
1599 3391 1692 3440 139,
1734 3391 1910 3441 scriptae
1940 3390 2060 3431 annis
2089 3402 2130 3440 p.
2161 3389 2211 3431 C.
2242 3391 2320 3431 265

361 3470 400 3506 et
428 3468 519 3507 350.
570 3467 636 3507 Cf.
667 3479 792 3518 supra
822 3479 862 3517 p.
893 3470 943 3507 47
975 3480 1035 3519 sq.

419 3545 516 3585 Duo
546 3546 812 3595 comarchae,
844 3547 915 3596 qui
948 3547 1045 3585 inde
1074 3559 1098 3586 a
1129 3547 1183 3586 111
1210 3558 1251 3596 p.
1279 3546 1327 3586 C.
1355 3547 1521 3586 saeculo
1546 3543 1682 3598 κώμῃ
1709 3549 1926 3596 praesunt,
1958 3547 2039 3586 illis
2054 3545 2321 3597 <temporibus

362 3624 533 3663 nomina
561 3620 930 3676 λειτουργούντων
961 3624 1277 3664 candidatorum
1308 3623 1491 3664 offerunt
1521 3623 1801 3674 magistratui,
1834 3624 1905 3674 qui
1936 3635 2064 3664 nomo
2093 3625 2165 3664 aut
2190 3620 2320 3676 πάγῳ

362 3701 401 3749 (a
433 3700 695 3741 Diocletiano
726 3702 835 3740 enim
868 3702 1116 3751 imperatore
1144 3700 1277 3753 νομοί
1304 3702 1345 3740 in
1374 3699 1539 3754 πάγους
1570 3701 1690 3741 divisi
1722 3701 1832 3751 sunt)
1861 3701 2121 3752 praepositus
2149 3703 2222 3741 est.
