2612 4412
1224 352 1288 401 59

271 502 450 556 solent.
505 504 765 555 Praeterea
812 504 941 555 infra
983 504 1331 556 demonstrare
1375 506 1678 557 conabimur
1713 509 2031 559 comarcham
2071 526 2228 560 unum

270 603 422 667 atque
480 601 760 668 principem
821 617 882 652 ex
940 601 1314 666 πρεσβυτέροις
1372 605 1478 652 τῶν
1539 607 1796 669 γεωργῶν
1853 604 2039 668 fuisse,
2101 622 2233 671 quos

269 695 697 764 λειτουργοῦντας
731 713 840 750 esse
875 701 1069 750 constat
1102 698 1160 763 1).

338 793 533 845 Munus
578 795 874 846 comarchae
923 794 1328 847 Ptolemaeorum
1365 799 1520 847 aetate
1555 796 1727 861 plures
1761 811 1926 848 annos
1961 798 2233 850 continuos

269 889 550 954 gerebatur.
619 891 795 942 Horus
847 891 982 942 enim
1036 891 1246 957 quidam
1301 892 1495 958 κώμης
1547 892 1914 944 Cerceosiridis
1966 895 2234 945 comarcha

268 989 373 1038 erat
404 986 552 1039 annis
585 990 700 1038 ante
734 986 793 1038 C.
837 989 1014 1053 1152),
1059 989 1238 1053 1143),
1282 990 1458 1054 1134),
1504 990 1670 1054 1125).

336 1080 623 1136 Comarcha
656 1099 858 1150 semper
893 1084 1134 1150 indigena
1169 1089 1284 1137 erat.

1224 1271 1277 1321 11.

863 1426 949 1477 De
992 1427 1286 1478 comarclzae
1330 1428 1637 1479 maneribus.

901 1597 947 1633 a.
1023 1581 1065 1628 ΙΙ
1100 1584 1229 1629 ante
1262 1581 1321 1629 C.
1353 1582 1594 1630 saeculo.

334 1713 553 1765 Munera
586 1729 717 1780 quae
752 1714 940 1767 fuerint
974 1717 1271 1768 comarchae
1309 1719 1347 1768 ΙΙ
1385 1721 1499 1769 ante
1535 1718 1594 1769 C.
1631 1719 1832 1770 saeculo
1867 1719 1996 1784 Pap.
2031 1720 2158 1771 Tebt.
2187 1721 2228 1782 1,

266 1809 356 1873 41,
392 1811 482 1873 48,
525 1811 618 1862 128
654 1812 922 1864 ostendere
956 1813 1206 1865 videntur.

334 1905 569 1968 Quarum
607 1922 656 1959 n.
693 1910 750 1958 41
793 1913 866 1960 est
902 1909 1128 1974 libellus,
1173 1911 1320 1962 datus
1354 1911 1418 1962 ad
1455 1911 1892 1979 ἀρχιφυλακίτην,
1934 1912 2080 1978 παρὰ
2111 1912 2228 1979 Ἆρ-

264 2001 474 2068 μιύσιος
518 2004 818 2071 κωμάρχου
866 2005 955 2057 καὶ
1000 2010 1106 2057 τῶν
1153 2007 1212 2058 ἐκ
1248 2013 1338 2074 τῆς
1373 2007 1533 2074 αὐτῆς
1570 2009 1656 2073 (sc.
1693 2009 1905 2075 κώμης)
1942 2009 2231 2073 βασιλικῶν

267 2103 545 2166 γεωργῶν,
592 2115 699 2167 quo
745 2107 1150 2168 conqueruntur,
1199 2103 1342 2170 quod
1387 2105 1582 2155 Marres
1617 2105 2090 2171 τοπογραμμ-ατεύς
2124 2106 2229 2156 alii-

264 2210 368 2261 que
401 2195 583 2262 gladiis
617 2198 791 2250 armati
823 2199 1095 2257 continuos
1125 2200 1175 2250 in
1208 2201 1377 2252 vicum
1408 2200 1718 2266 vicariosque
1749 2202 1967 2268 impetus
1996 2202 2205 2253 fecerint

265 2292 332 2343 ita
378 2296 432 2343 ut
478 2308 662 2360 magna
703 2295 992 2360 βασιλικῶν
1040 2300 1297 2363 γεωργῶν
1342 2312 1457 2364 pars
1502 2298 1552 2348 in
1590 2298 1786 2349 vicinos
1822 2298 1961 2350 vicos
1996 2299 2228 2350 transmi-

264 2392 469 2455 grasset.
512 2387 606 2442 Ὧν
650 2391 804 2458 χάριν
837 2393 906 2456 6),
956 2398 1198 2458 pergunt,
1247 2393 1655 2460 ἐμποδιζόμενοι
1691 2399 1769 2461 τῆι
1806 2395 2088 2462 εἷσαγωγῆι
2124 2399 2230 2446 τῶν

265 2483 630 2554 ὀφειλομένων
674 2488 810 2554 πρός
855 2509 907 2540 τε
952 2490 1045 2556 τὴν
1089 2490 1356 2556 μίσθωσιν
1402 2490 1491 2541 καὶ
1536 2490 1657 2547 τοὺς
1700 2491 1992 2557 στεφάνους
2027 2493 2095 2557 7),
2146 2491 2228 2543 διὸ

265 2580 568 2650 ἑπιὸίόομέν
603 2604 685 2636 σοι
720 2585 777 2636 τὸ
813 2586 1106 2654 ὑπόμνημα
1144 2588 1224 2638 ἵνα
1264 2628 1272 2637 .
1313 2629 1321 2638 .
1361 2628 1369 2637 .
1409 2628 1417 2637 .
1469 2588 1670 2653 αὗτ[οί]
1716 2607 1766 2638 τε
1814 2588 2228 2655 ἄπαρενόχλητοι

263 2677 410 2737 ὄντες
445 2680 793 2747 ὃυν[ώ]μεθα
831 2683 1137 2750 ἀντέχεσθαι
1174 2689 1263 2752 τῆς
1298 2685 1592 2752 εἰσαγωγῆς
1627 2685 1715 2736 καὶ
1752 2685 1915 2736 οὐθὲν
1950 2690 2043 2737 τῶι
2078 2688 2226 2751 βασι-

263 2763 344 2826 λεῖ
373 2774 627 2845 ὃιαπέσηι.

331 2873 395 2926 N.
431 2875 497 2925 48
549 2875 750 2928 libellus
802 2881 874 2928 est
928 2878 1132 2929 Menchi
1188 2877 1334 2929 datus
1387 2878 1532 2943 παρὰ
1575 2877 1745 2944 (Ώρου
1793 2880 2093 2946 κωμάρχου
2140 2880 2228 2931 καὶ

320 3067 356 3120 1)
413 3068 480 3111 Cf.
509 3069 562 3111 Β.
595 3069 649 3111 G.
686 3071 736 3112 U.
767 3073 804 3112 6.

318 3145 356 3198 2)
410 3146 519 3199 Pap.
556 3147 665 3190 Tebt.
701 3149 738 3197 Ι,
770 3151 832 3191 50.

319 3223 355 3276 3)
414 3225 518 3267 lbid.
553 3227 612 3267 13.

318 3302 355 3355 ⁴)
414 3303 518 3345 ibid.
554 3306 626 3346 128
640 3318 648 3355 ;
680 3306 743 3346 48.

319 3379 355 3433 5)
413 3381 518 3423 Ibid.
552 3383 638 3425 159.

285 3516 289 3523 ι
319 3458 355 3511 6)
402 3455 487 3501 Ὧν
515 3456 645 3514 χάριν
674 3473 751 3513 pro
780 3459 829 3511 ἐξ
859 3459 936 3504 ὧν.
973 3463 1204 3505 Verborum
1235 3466 1488 3506 constructio
1518 3465 1621 3506 falsa
1649 3469 1721 3507 est.

320 3535 356 3589 7)
414 3534 643 3591 Στέφανος
684 3539 804 3580 initio
834 3541 919 3581 erat
949 3541 1123 3592 vectigal
1155 3542 1269 3593 quod
1299 3542 1405 3593 exigi
1437 3542 1618 3591 solebat,
1661 3555 1755 3584 cum
1786 3555 1854 3584 rex
1886 3545 1925 3584 in
1958 3546 2106 3596 quovis
2136 3546 2227 3585 vico

263 3615 624 3665 commorabatur;
680 3619 824 3667 postea
876 3618 1080 3659 tributum
1124 3618 1279 3661 factum
1334 3623 1407 3661 cst.
1467 3620 1530 3661 De
1583 3633 1668 3672 quo
1715 3622 1767 3662 cf.
1811 3622 2016 3671 Wilcken,
2070 3622 2123 3663 G.
2172 3623 2224 3662 Ο.

264 3702 306 3744 p.
335 3693 565 3742 295-302,
601 3693 708 3746 Pap.
742 3694 851 3736 Tebt.
883 3698 1025 3737 annot.
1058 3697 1109 3738 ad
1144 3696 1181 3746 1,
1212 3697 1314 3746 6112,
1347 3699 1446 3746 254,
1479 3699 1695 3749 Maspero,
1726 3699 1753 3739 l.
1786 3700 1812 3740 l.
1845 3711 1884 3750 p.
1921 3701 1992 3741 148
2021 3711 2111 3752 sqq.
