<?xml version="1.0" encoding="UTF-8"?>
<!DOCTYPE html PUBLIC "-//W3C//DTD XHTML 1.0 Transitional//EN"
    "http://www.w3.org/TR/xhtml1/DTD/xhtml1-transitional.dtd">
<html xmlns="http://www.w3.org/1999/xhtml" xml:lang="en" lang="en">
 <head>
  <title>
</title>
<meta http-equiv="Content-Type" content="text/html;charset=utf-8" />
  <meta name='ocr-system' content='tesseract 3.04.00' />
  <meta name='ocr-capabilities' content='ocr_page ocr_carea ocr_par ocr_line ocrx_word'/>
</head>
<body>
  <div class='ocr_page' id='page_1' title='image "./deaegyptiarumkmn00engeuoft_0061.png"; bbox 0 0 2612 4412; ppageno 0'>
   <div class='ocr_carea' id='block_1_1' title="bbox 1141 405 1197 454">
    <p class='ocr_par' dir='ltr' id='par_1_1' title="bbox 1141 405 1197 454">
     <span class='ocr_line' id='line_1_1' title="bbox 1141 405 1197 454; baseline -0.018 0"><span class='ocrx_word' id='word_1_1' title='bbox 1141 405 1197 454; x_wconf 87' lang='lat'>51</span> 
     </span>
    </p>
   </div>
   <div class='ocr_carea' id='block_1_2' title="bbox 183 557 2156 1305">
    <p class='ocr_par' dir='ltr' id='par_1_2' title="bbox 183 557 2152 1016">
     <span class='ocr_line' id='line_1_2' title="bbox 259 557 2151 629; baseline -0.003 -14"><span class='ocrx_word' id='word_1_2' title='bbox 259 562 741 629; x_wconf 81' lang='grc' dir='ltr'><em>Κωμογραμματεῖ</em></span> <span class='ocrx_word' id='word_1_3' title='bbox 782 558 1073 610; x_wconf 87' lang='lat' dir='ltr'>mandatum</span> <span class='ocrx_word' id='word_1_4' title='bbox 1122 561 1225 608; x_wconf 91' lang='lat' dir='ltr'>erat</span> <span class='ocrx_word' id='word_1_5' title='bbox 1270 561 1324 608; x_wconf 91' lang='lat' dir='ltr'>ut</span> <span class='ocrx_word' id='word_1_6' title='bbox 1370 557 1618 608; x_wconf 85' lang='lat' dir='ltr'>nonnulla</span> <span class='ocrx_word' id='word_1_7' title='bbox 1663 557 1849 608; x_wconf 87' lang='lat' dir='ltr'>tributa</span> <span class='ocrx_word' id='word_1_8' title='bbox 1890 574 1918 609; x_wconf 92' lang='lat' dir='ltr'>a</span> <span class='ocrx_word' id='word_1_9' title='bbox 1954 559 2151 611; x_wconf 90' lang='lat' dir='ltr'>colonis</span> 
     </span>
     <span class='ocr_line' id='line_1_3' title="bbox 192 653 2152 729; baseline -0.002 -17"><span class='ocrx_word' id='word_1_10' title='bbox 192 659 436 729; x_wconf 84' lang='lat' dir='ltr'>exigeret:</span> <span class='ocrx_word' id='word_1_11' title='bbox 488 673 644 724; x_wconf 90' lang='lat' dir='ltr'>quare</span> <span class='ocrx_word' id='word_1_12' title='bbox 697 655 936 722; x_wconf 82' lang='grc' dir='ltr'><em>γεωργόν</em></span> <span class='ocrx_word' id='word_1_13' title='bbox 987 653 1269 719; x_wconf 84' lang='lat' dir='ltr'>quendam,</span> <span class='ocrx_word' id='word_1_14' title='bbox 1325 654 1411 719; x_wconf 90' lang='lat' dir='ltr'>qui</span> <span class='ocrx_word' id='word_1_15' title='bbox 1466 654 1737 705; x_wconf 89' lang='lat' dir='ltr'>constituto</span> <span class='ocrx_word' id='word_1_16' title='bbox 1789 658 2016 721; x_wconf 87' lang='lat' dir='ltr'>tempore</span> <span class='ocrx_word' id='word_1_17' title='bbox 2068 659 2152 708; x_wconf 90' lang='lat' dir='ltr'>tri·</span> 
     </span>
     <span class='ocr_line' id='line_1_4' title="bbox 192 748 2150 818; baseline -0.002 -11"><span class='ocrx_word' id='word_1_18' title='bbox 192 755 315 808; x_wconf 80' lang='lat' dir='ltr'>buta</span> <span class='ocrx_word' id='word_1_19' title='bbox 359 768 466 805; x_wconf 86' lang='lat' dir='ltr'>non</span> <span class='ocrx_word' id='word_1_20' title='bbox 512 753 752 815; x_wconf 89' lang='lat' dir='ltr'>solverat,</span> <span class='ocrx_word' id='word_1_21' title='bbox 801 751 953 817; x_wconf 82' lang='lat' dir='ltr'>cepit:</span> <span class='ocrx_word' id='word_1_22' title='bbox 1003 791 1014 800; x_wconf 90' lang='lat'><strong>.</strong></span> <span class='ocrx_word' id='word_1_23' title='bbox 1036 791 1046 800; x_wconf 93' lang='lat'>.</span> <span class='ocrx_word' id='word_1_24' title='bbox 1068 790 1078 800; x_wconf 90' lang='lat'>.</span> <span class='ocrx_word' id='word_1_25' title='bbox 1100 791 1109 800; x_wconf 93' lang='lat'><strong>.</strong></span> <span class='ocrx_word' id='word_1_26' title='bbox 1131 749 1401 801; x_wconf 75' lang='grc' dir='ltr'><strong><em>συνελθεῖν</em></strong></span> <span class='ocrx_word' id='word_1_27' title='bbox 1425 748 1597 814; x_wconf 85' lang='grc' dir='ltr'><em>Ὥρωι</em></span> <span class='ocrx_word' id='word_1_28' title='bbox 1632 750 1797 801; x_wconf 82' lang='grc' dir='ltr'><em>Κότυι</em></span> <span class='ocrx_word' id='word_1_29' title='bbox 1835 751 1884 815; x_wconf 91' lang='lat' dir='ltr'>(l.</span> <span class='ocrx_word' id='word_1_30' title='bbox 1922 751 2150 818; x_wconf 83' lang='grc' dir='ltr'>Κότυος)</span> 
     </span>
     <span class='ocr_line' id='line_1_5' title="bbox 191 844 2150 918; baseline -0.002 -16"><span class='ocrx_word' id='word_1_31' title='bbox 191 849 329 918; x_wconf 77' lang='grc' dir='ltr'><em>πρὸς</em></span> <span class='ocrx_word' id='word_1_32' title='bbox 366 848 586 916; x_wconf 80' lang='grc' dir='ltr'><strong><em>Ἑρμίαν</em></strong></span> <span class='ocrx_word' id='word_1_33' title='bbox 631 846 720 899; x_wconf 83' lang='grc' dir='ltr'>τὸν</span> <span class='ocrx_word' id='word_1_34' title='bbox 767 845 1288 911; x_wconf 83' lang='grc' dir='ltr'><em>κωμογρ(αμματέα)</em></span> <span class='ocrx_word' id='word_1_35' title='bbox 1339 844 1492 911; x_wconf 87' lang='grc' dir='ltr'><em>χάριν</em></span> <span class='ocrx_word' id='word_1_36' title='bbox 1527 849 1619 895; x_wconf 85' lang='grc' dir='ltr'>τοῦ</span> <span class='ocrx_word' id='word_1_37' title='bbox 1654 847 1783 911; x_wconf 76' lang='grc' dir='ltr'><em>παρ’</em></span> <span class='ocrx_word' id='word_1_38' title='bbox 1815 847 1976 898; x_wconf 74' lang='grc' dir='ltr'><em>αὐτοῦ</em></span> <span class='ocrx_word' id='word_1_39' title='bbox 2014 848 2150 915; x_wconf 79' lang='grc' dir='ltr'><em>ἄπη-</em></span> 
     </span>
     <span class='ocr_line' id='line_1_6' title="bbox 183 930 1572 1016; baseline -0.006 -17"><span class='ocrx_word' id='word_1_40' title='bbox 183 947 391 1016; x_wconf 78' lang='grc' dir='ltr'><em>.γμένου</em></span> <span class='ocrx_word' id='word_1_41' title='bbox 426 945 516 997; x_wconf 84' lang='grc' dir='ltr'>καὶ</span> <span class='ocrx_word' id='word_1_42' title='bbox 548 943 686 1011; x_wconf 83' lang='grc' dir='ltr'><em>πρὸς</em></span> <span class='ocrx_word' id='word_1_43' title='bbox 720 942 1043 1009; x_wconf 83' lang='grc' dir='ltr'><em>Χαιρήμονα</em></span> <span class='ocrx_word' id='word_1_44' title='bbox 1079 941 1168 992; x_wconf 87' lang='grc' dir='ltr'>τὸν</span> <span class='ocrx_word' id='word_1_45' title='bbox 1202 941 1479 1007; x_wconf 74' lang='grc' dir='ltr'><em>πράκτορσι</em></span> <span class='ocrx_word' id='word_1_46' title='bbox 1516 930 1572 1006; x_wconf 87' lang='grc'>1).</span> 
     </span>
    </p>

    <p class='ocr_par' dir='ltr' id='par_1_3' title="bbox 192 1039 2156 1305">
     <span class='ocr_line' id='line_1_7' title="bbox 262 1039 2154 1116; baseline -0.003 -19"><span class='ocrx_word' id='word_1_47' title='bbox 262 1045 380 1096; x_wconf 86' lang='lat' dir='ltr'>Huc</span> <span class='ocrx_word' id='word_1_48' title='bbox 429 1057 640 1108; x_wconf 90' lang='lat' dir='ltr'>quoque</span> <span class='ocrx_word' id='word_1_49' title='bbox 691 1040 905 1107; x_wconf 82' lang='lat' dir='ltr'><strong>pertinet</strong></span> <span class='ocrx_word' id='word_1_50' title='bbox 949 1039 1091 1105; x_wconf 91' lang='lat' dir='ltr'>quod</span> <span class='ocrx_word' id='word_1_51' title='bbox 1139 1039 1644 1116; x_wconf 81' lang='grc' dir='ltr'><em>κωμογραμματεύς</em></span> <span class='ocrx_word' id='word_1_52' title='bbox 1691 1040 1874 1091; x_wconf 86' lang='lat' dir='ltr'>noxios</span> <span class='ocrx_word' id='word_1_53' title='bbox 1922 1041 1972 1091; x_wconf 92' lang='lat' dir='ltr'>in</span> <span class='ocrx_word' id='word_1_54' title='bbox 2020 1042 2154 1105; x_wconf 82' lang='lat' dir='ltr'>judi-</span> 
     </span>
     <span class='ocr_line' id='line_1_8' title="bbox 192 1134 2156 1203; baseline -0.003 -10"><span class='ocrx_word' id='word_1_55' title='bbox 192 1140 328 1192; x_wconf 77' lang='lat' dir='ltr'>cium</span> <span class='ocrx_word' id='word_1_56' title='bbox 374 1142 533 1191; x_wconf 83' lang='lat' dir='ltr'>vocat.</span> <span class='ocrx_word' id='word_1_57' title='bbox 587 1137 831 1189; x_wconf 83' lang='lat' dir='ltr'>Menches</span> <span class='ocrx_word' id='word_1_58' title='bbox 873 1135 1010 1187; x_wconf 89' lang='lat' dir='ltr'>enirn</span> <span class='ocrx_word' id='word_1_59' title='bbox 1047 1134 1307 1201; x_wconf 77' lang='grc' dir='ltr'><em>βασιλικῷ</em></span> <span class='ocrx_word' id='word_1_60' title='bbox 1342 1139 1643 1200; x_wconf 80' lang='grc' dir='ltr'><em>γραμματεῖ</em></span> <span class='ocrx_word' id='word_1_61' title='bbox 1671 1135 1866 1187; x_wconf 84' lang='lat' dir='ltr'><strong>scribit:</strong></span> <span class='ocrx_word' id='word_1_62' title='bbox 1915 1137 2156 1203; x_wconf 80' lang='grc' dir='ltr'><em>ἔγραψας</em></span> 
     </span>
     <span class='ocr_line' id='line_1_9' title="bbox 193 1231 2155 1305; baseline 0 -19"><span class='ocrx_word' id='word_1_63' title='bbox 193 1237 319 1305; x_wconf 80' lang='grc' dir='ltr'>ἡμῖν</span> <span class='ocrx_word' id='word_1_64' title='bbox 357 1233 526 1301; x_wconf 84' lang='grc' dir='ltr'>Ήρᾶν</span> <span class='ocrx_word' id='word_1_65' title='bbox 573 1235 624 1300; x_wconf 90' lang='lat' dir='ltr'>(l.</span> <span class='ocrx_word' id='word_1_66' title='bbox 656 1232 857 1300; x_wconf 83' lang='grc' dir='ltr'><em>Ήρᾶτι)</em></span> <span class='ocrx_word' id='word_1_67' title='bbox 905 1231 1150 1283; x_wconf 81' lang='grc' dir='ltr'><em>Πετάλου</em></span> <span class='ocrx_word' id='word_1_68' title='bbox 1197 1235 1303 1282; x_wconf 83' lang='grc' dir='ltr'>τῶν</span> <span class='ocrx_word' id='word_1_69' title='bbox 1339 1232 1398 1282; x_wconf 81' lang='grc' dir='ltr'>ἔκ</span> <span class='ocrx_word' id='word_1_70' title='bbox 1434 1237 1524 1298; x_wconf 85' lang='grc' dir='ltr'>τῆς</span> <span class='ocrx_word' id='word_1_71' title='bbox 1558 1232 1751 1298; x_wconf 81' lang='grc' dir='ltr'><strong><em>κώμης</em></strong></span> <span class='ocrx_word' id='word_1_72' title='bbox 1786 1233 2155 1301; x_wconf 71' lang='grc' dir='ltr'>εὐθυνομένωι</span> 
     </span>
    </p>
   </div>
   <div class='ocr_carea' id='block_1_3' title="bbox 194 1328 2155 1400">
    <p class='ocr_par' dir='ltr' id='par_1_4' title="bbox 194 1328 2155 1400">
     <span class='ocr_line' id='line_1_10' title="bbox 194 1328 2155 1400; baseline -0.002 -15"><span class='ocrx_word' id='word_1_73' title='bbox 194 1332 254 1385; x_wconf 76' lang='grc' dir='ltr'>δὲ</span> <span class='ocrx_word' id='word_1_74' title='bbox 298 1332 474 1400; x_wconf 83' lang='grc' dir='ltr'><em>φόνωι</em></span> <span class='ocrx_word' id='word_1_75' title='bbox 507 1331 598 1383; x_wconf 81' lang='grc' dir='ltr'>καὶ</span> <span class='ocrx_word' id='word_1_76' title='bbox 633 1331 810 1388; x_wconf 81' lang='grc' dir='ltr'><em>ἄλλαις</em></span> <span class='ocrx_word' id='word_1_77' title='bbox 845 1330 1093 1395; x_wconf 81' lang='grc' dir='ltr'><em>αἶτία&lt;ι&gt;ς</em></span> <span class='ocrx_word' id='word_1_78' title='bbox 1126 1328 1470 1394; x_wconf 80' lang='grc' dir='ltr'><em>παραγγεῖλαι</em></span> <span class='ocrx_word' id='word_1_79' title='bbox 1505 1329 1742 1380; x_wconf 83' lang='grc' dir='ltr'>ἀπαντᾶν</span> <span class='ocrx_word' id='word_1_80' title='bbox 1777 1330 1832 1380; x_wconf 79' lang='grc' dir='ltr'>ἓν</span> <span class='ocrx_word' id='word_1_81' title='bbox 1868 1331 2155 1397; x_wconf 71' lang='grc' dir='ltr'>ἡμέρακς)</span> 
     </span>
    </p>
   </div>
   <div class='ocr_carea' id='block_1_4' title="bbox 115 1426 1787 1497">
    <p class='ocr_par' dir='ltr' id='par_1_5' title="bbox 115 1426 1787 1497">
     <span class='ocr_line' id='line_1_11' title="bbox 115 1426 1787 1497; baseline -0.004 -14"><span class='ocrx_word' id='word_1_82' title='bbox 115 1490 119 1497; x_wconf 84' lang='lat'><em>.</em></span> <span class='ocrx_word' id='word_1_83' title='bbox 192 1429 352 1497; x_wconf 79' lang='grc' dir='ltr'><em>τρισὶν</em></span> <span class='ocrx_word' id='word_1_84' title='bbox 385 1428 522 1496; x_wconf 85' lang='grc' dir='ltr'><em>πρὸς</em></span> <span class='ocrx_word' id='word_1_85' title='bbox 556 1429 649 1496; x_wconf 85' lang='grc' dir='ltr'>τὴν</span> <span class='ocrx_word' id='word_1_86' title='bbox 682 1428 801 1494; x_wconf 83' lang='grc' dir='ltr'><em>περὶ</em></span> <span class='ocrx_word' id='word_1_87' title='bbox 835 1427 1036 1479; x_wconf 85' lang='grc' dir='ltr'><strong><em>τούτων</em></strong></span> <span class='ocrx_word' id='word_1_88' title='bbox 1072 1427 1330 1492; x_wconf 78' lang='grc' dir='ltr'><strong><em>ἐσομένην</em></strong></span> <span class='ocrx_word' id='word_1_89' title='bbox 1367 1426 1695 1493; x_wconf 78' lang='grc' dir='ltr'><em>ὂιεξαγωγήν</em></span> <span class='ocrx_word' id='word_1_90' title='bbox 1730 1428 1787 1492; x_wconf 85' lang='lat'>2).</span> 
     </span>
    </p>
   </div>
   <div class='ocr_carea' id='block_1_5' title="bbox 192 1524 2157 1781">
    <p class='ocr_par' dir='ltr' id='par_1_6' title="bbox 192 1524 2157 1781">
     <span class='ocr_line' id='line_1_12' title="bbox 261 1524 2156 1592; baseline -0.002 -12"><span class='ocrx_word' id='word_1_91' title='bbox 261 1526 505 1580; x_wconf 85' lang='lat' dir='ltr'>Menches</span> <span class='ocrx_word' id='word_1_92' title='bbox 550 1526 704 1592; x_wconf 87' lang='lat' dir='ltr'>igitur</span> <span class='ocrx_word' id='word_1_93' title='bbox 737 1541 766 1576; x_wconf 87' lang='lat' dir='ltr'>a</span> <span class='ocrx_word' id='word_1_94' title='bbox 800 1524 1059 1591; x_wconf 78' lang='grc' dir='ltr'><em>βασιλικῷ</em></span> <span class='ocrx_word' id='word_1_95' title='bbox 1094 1528 1396 1590; x_wconf 80' lang='grc' dir='ltr'><em>γραμματεῖ</em></span> <span class='ocrx_word' id='word_1_96' title='bbox 1425 1524 1594 1575; x_wconf 90' lang='lat' dir='ltr'>iussus</span> <span class='ocrx_word' id='word_1_97' title='bbox 1629 1528 1733 1575; x_wconf 89' lang='lat' dir='ltr'>erat</span> <span class='ocrx_word' id='word_1_98' title='bbox 1769 1525 1958 1575; x_wconf 81' lang='lat' dir='ltr'>l-lerarn</span> <span class='ocrx_word' id='word_1_99' title='bbox 1996 1541 2156 1591; x_wconf 91' lang='lat' dir='ltr'>quen-</span> 
     </span>
     <span class='ocr_line' id='line_1_13' title="bbox 192 1619 2157 1688; baseline -0.002 -12"><span class='ocrx_word' id='word_1_100' title='bbox 192 1623 338 1688; x_wconf 86' lang='lat' dir='ltr'>dam,</span> <span class='ocrx_word' id='word_1_101' title='bbox 385 1638 548 1675; x_wconf 88' lang='lat' dir='ltr'>unum</span> <span class='ocrx_word' id='word_1_102' title='bbox 595 1637 656 1674; x_wconf 88' lang='lat' dir='ltr'>ex</span> <span class='ocrx_word' id='word_1_103' title='bbox 703 1622 861 1687; x_wconf 81' lang='grc' dir='ltr'><em>ἱεροῖς</em></span> <span class='ocrx_word' id='word_1_104' title='bbox 909 1625 1164 1687; x_wconf 84' lang='grc' dir='ltr'><em>γεωργοῖς</em></span> <span class='ocrx_word' id='word_1_105' title='bbox 1197 1621 1266 1684; x_wconf 85' lang='grc'>3),</span> <span class='ocrx_word' id='word_1_106' title='bbox 1315 1619 1403 1685; x_wconf 90' lang='lat' dir='ltr'>qui</span> <span class='ocrx_word' id='word_1_107' title='bbox 1449 1620 1615 1671; x_wconf 87' lang='lat' dir='ltr'>caedis</span> <span class='ocrx_word' id='word_1_108' title='bbox 1649 1620 1972 1686; x_wconf 88' lang='lat' dir='ltr'>aliorumque</span> <span class='ocrx_word' id='word_1_109' title='bbox 2007 1621 2157 1673; x_wconf 88' lang='lat' dir='ltr'>delic-</span> 
     </span>
     <span class='ocr_line' id='line_1_14' title="bbox 193 1717 1352 1781; baseline -0.004 -9"><span class='ocrx_word' id='word_1_110' title='bbox 193 1723 362 1772; x_wconf 88' lang='lat' dir='ltr'>torum</span> <span class='ocrx_word' id='word_1_111' title='bbox 397 1722 657 1771; x_wconf 80' lang='lat' dir='ltr'>accusatus</span> <span class='ocrx_word' id='word_1_112' title='bbox 692 1721 818 1781; x_wconf 91' lang='lat' dir='ltr'>erat,</span> <span class='ocrx_word' id='word_1_113' title='bbox 864 1717 1053 1768; x_wconf 90' lang='lat' dir='ltr'>iudicio</span> <span class='ocrx_word' id='word_1_114' title='bbox 1089 1732 1352 1768; x_wconf 82' lang='lat' dir='ltr'>arcessere.</span> 
     </span>
    </p>
   </div>
   <div class='ocr_carea' id='block_1_6' title="bbox 132 1911 2159 2849">
    <p class='ocr_par' dir='ltr' id='par_1_7' title="bbox 132 1911 2159 2172">
     <span class='ocr_line' id='line_1_15' title="bbox 259 1911 2159 1978; baseline 0 -14"><span class='ocrx_word' id='word_1_115' title='bbox 259 1913 307 1964; x_wconf 79' lang='lat' dir='ltr'>b.</span> <span class='ocrx_word' id='word_1_116' title='bbox 380 1914 451 1966; x_wconf 89' lang='lat' dir='ltr'>Ut</span> <span class='ocrx_word' id='word_1_117' title='bbox 484 1927 615 1978; x_wconf 87' lang='lat' dir='ltr'>quae</span> <span class='ocrx_word' id='word_1_118' title='bbox 650 1912 838 1964; x_wconf 84' lang='lat' dir='ltr'>fuerint</span> <span class='ocrx_word' id='word_1_119' title='bbox 872 1915 1337 1978; x_wconf 80' lang='grc' dir='ltr'><em>κωμογραμματεῖ</em></span> <span class='ocrx_word' id='word_1_120' title='bbox 1367 1911 1418 1962; x_wconf 92' lang='lat' dir='ltr'>in</span> <span class='ocrx_word' id='word_1_121' title='bbox 1457 1913 1610 1963; x_wconf 90' lang='lat' dir='ltr'>rebus</span> <span class='ocrx_word' id='word_1_122' title='bbox 1646 1912 1919 1963; x_wconf 88' lang='lat' dir='ltr'>iudiciariis</span> <span class='ocrx_word' id='word_1_123' title='bbox 1946 1927 2159 1964; x_wconf 88' lang='lat' dir='ltr'>munera</span> 
     </span>
     <span class='ocr_line' id='line_1_16' title="bbox 195 2007 2159 2076; baseline 0 -15"><span class='ocrx_word' id='word_1_124' title='bbox 195 2009 529 2076; x_wconf 87' lang='lat' dir='ltr'>explicemus,</span> <span class='ocrx_word' id='word_1_125' title='bbox 563 2008 865 2074; x_wconf 87' lang='lat' dir='ltr'>Lagidarum</span> <span class='ocrx_word' id='word_1_126' title='bbox 896 2007 1296 2060; x_wconf 88' lang='lat' dir='ltr'>iurisdictionem</span> <span class='ocrx_word' id='word_1_127' title='bbox 1329 2009 1502 2073; x_wconf 86' lang='lat' dir='ltr'>paucis</span> <span class='ocrx_word' id='word_1_128' title='bbox 1532 2009 1930 2075; x_wconf 81' lang='lat' dir='ltr'>complectamur</span> <span class='ocrx_word' id='word_1_129' title='bbox 1957 2025 2159 2061; x_wconf 89' lang='lat' dir='ltr'>necesse</span> 
     </span>
     <span class='ocr_line' id='line_1_17' title="bbox 132 2106 362 2172; baseline -0.004 -13"><span class='ocrx_word' id='word_1_130' title='bbox 132 2116 134 2118; x_wconf 76' lang='grc'>’</span> <span class='ocrx_word' id='word_1_131' title='bbox 195 2110 271 2159; x_wconf 84' lang='lat' dir='ltr'>est</span> <span class='ocrx_word' id='word_1_132' title='bbox 302 2106 362 2172; x_wconf 84' lang='lat'>4).</span> 
     </span>
    </p>

    <p class='ocr_par' dir='ltr' id='par_1_8' title="bbox 196 2201 2158 2656">
     <span class='ocr_line' id='line_1_18' title="bbox 263 2201 2156 2268; baseline -0.001 -13"><span class='ocrx_word' id='word_1_133' title='bbox 263 2203 324 2255; x_wconf 78' lang='lat' dir='ltr'>Et</span> <span class='ocrx_word' id='word_1_134' title='bbox 357 2203 452 2255; x_wconf 90' lang='lat' dir='ltr'>hac</span> <span class='ocrx_word' id='word_1_135' title='bbox 485 2203 536 2254; x_wconf 92' lang='lat' dir='ltr'>in</span> <span class='ocrx_word' id='word_1_136' title='bbox 574 2218 628 2254; x_wconf 89' lang='lat' dir='ltr'>re</span> <span class='ocrx_word' id='word_1_137' title='bbox 663 2201 1083 2268; x_wconf 85' lang='lat' dir='ltr'>distinguendum</span> <span class='ocrx_word' id='word_1_138' title='bbox 1121 2205 1194 2253; x_wconf 88' lang='lat' dir='ltr'>est</span> <span class='ocrx_word' id='word_1_139' title='bbox 1229 2203 1357 2252; x_wconf 90' lang='lat' dir='ltr'>inter</span> <span class='ocrx_word' id='word_1_140' title='bbox 1392 2202 1647 2253; x_wconf 87' lang='lat' dir='ltr'>saeculum</span> <span class='ocrx_word' id='word_1_141' title='bbox 1686 2205 1800 2253; x_wconf 88' lang='lat' dir='ltr'>ante</span> <span class='ocrx_word' id='word_1_142' title='bbox 1837 2202 1894 2254; x_wconf 90' lang='lat' dir='ltr'>C.</span> <span class='ocrx_word' id='word_1_143' title='bbox 1932 2204 1992 2254; x_wconf 90' lang='lat'>111</span> <span class='ocrx_word' id='word_1_144' title='bbox 2025 2207 2072 2254; x_wconf 91' lang='lat' dir='ltr'>et</span> <span class='ocrx_word' id='word_1_145' title='bbox 2103 2205 2156 2254; x_wconf 91' lang='grc' dir='ltr'>ΙΙ.</span> 
     </span>
     <span class='ocr_line' id='line_1_19' title="bbox 197 2288 2157 2367; baseline -0.001 -15"><span class='ocrx_word' id='word_1_146' title='bbox 197 2299 540 2367; x_wconf 87' lang='lat' dir='ltr'>Temporibus</span> <span class='ocrx_word' id='word_1_147' title='bbox 581 2288 958 2366; x_wconf 84' lang='lat' dir='ltr'>antiquioribus</span> <span class='ocrx_word' id='word_1_148' title='bbox 1001 2300 1089 2365; x_wconf 91' lang='lat' dir='ltr'>qui</span> <span class='ocrx_word' id='word_1_149' title='bbox 1138 2299 1330 2350; x_wconf 90' lang='lat' dir='ltr'>iudices</span> <span class='ocrx_word' id='word_1_150' title='bbox 1365 2299 1504 2350; x_wconf 88' lang='lat' dir='ltr'>adire</span> <span class='ocrx_word' id='word_1_151' title='bbox 1542 2300 1726 2351; x_wconf 88' lang='lat' dir='ltr'>vellent</span> <span class='ocrx_word' id='word_1_152' title='bbox 1761 2300 1960 2353; x_wconf 88' lang='lat' dir='ltr'>libellos</span> <span class='ocrx_word' id='word_1_153' title='bbox 1995 2301 2066 2358; x_wconf 85' lang='grc' dir='ltr'>εἰς</span> <span class='ocrx_word' id='word_1_154' title='bbox 2101 2301 2157 2352; x_wconf 82' lang='grc' dir='ltr'>τὸ</span> 
     </span>
     <span class='ocr_line' id='line_1_20' title="bbox 196 2395 2158 2463; baseline 0 -14"><span class='ocrx_word' id='word_1_155' title='bbox 196 2401 290 2449; x_wconf 83' lang='grc' dir='ltr'>τοῦ</span> <span class='ocrx_word' id='word_1_156' title='bbox 334 2395 594 2462; x_wconf 81' lang='grc' dir='ltr'><em>βασιλέως</em></span> <span class='ocrx_word' id='word_1_157' title='bbox 638 2396 811 2463; x_wconf 86' lang='grc' dir='ltr'><em>ὄνομα</em></span> <span class='ocrx_word' id='word_1_158' title='bbox 857 2400 942 2447; x_wconf 91' lang='lat' dir='ltr'>aut</span> <span class='ocrx_word' id='word_1_159' title='bbox 987 2396 1317 2448; x_wconf 89' lang='lat' dir='ltr'>chrematistis</span> <span class='ocrx_word' id='word_1_160' title='bbox 1363 2400 1448 2447; x_wconf 92' lang='lat' dir='ltr'>aut</span> <span class='ocrx_word' id='word_1_161' title='bbox 1482 2400 1700 2462; x_wconf 84' lang='lat' dir='ltr'>stratego</span> <span class='ocrx_word' id='word_1_162' title='bbox 1736 2397 1856 2447; x_wconf 91' lang='lat' dir='ltr'>dare</span> <span class='ocrx_word' id='word_1_163' title='bbox 1891 2397 2158 2449; x_wconf 90' lang='lat' dir='ltr'>debebant.</span> 
     </span>
     <span class='ocr_line' id='line_1_21' title="bbox 197 2492 2158 2560; baseline -0.001 -13"><span class='ocrx_word' id='word_1_164' title='bbox 197 2493 298 2547; x_wconf 85' lang='lat' dir='ltr'>Sed</span> <span class='ocrx_word' id='word_1_165' title='bbox 344 2492 575 2545; x_wconf 84' lang='lat' dir='ltr'>fontibus</span> <span class='ocrx_word' id='word_1_166' title='bbox 617 2492 996 2557; x_wconf 87' lang='lat' dir='ltr'>deficientibus,</span> <span class='ocrx_word' id='word_1_167' title='bbox 1044 2508 1175 2559; x_wconf 90' lang='lat' dir='ltr'>quae</span> <span class='ocrx_word' id='word_1_168' title='bbox 1210 2507 1388 2544; x_wconf 89' lang='lat' dir='ltr'>causae</span> <span class='ocrx_word' id='word_1_169' title='bbox 1422 2493 1484 2543; x_wconf 95' lang='lat' dir='ltr'>ad</span> <span class='ocrx_word' id='word_1_170' title='bbox 1521 2496 1881 2559; x_wconf 86' lang='lat' dir='ltr'>strategorum,</span> <span class='ocrx_word' id='word_1_171' title='bbox 1930 2510 2060 2560; x_wconf 91' lang='lat' dir='ltr'>quae</span> <span class='ocrx_word' id='word_1_172' title='bbox 2095 2494 2158 2545; x_wconf 91' lang='lat' dir='ltr'>ad</span> 
     </span>
     <span class='ocr_line' id='line_1_22' title="bbox 197 2589 1962 2656; baseline -0.001 -14"><span class='ocrx_word' id='word_1_173' title='bbox 197 2589 629 2643; x_wconf 85' lang='lat' dir='ltr'>chrematistarum</span> <span class='ocrx_word' id='word_1_174' title='bbox 666 2589 1065 2641; x_wconf 89' lang='lat' dir='ltr'>iurisdictionem</span> <span class='ocrx_word' id='word_1_175' title='bbox 1104 2589 1436 2656; x_wconf 87' lang='lat' dir='ltr'>pertinuerint</span> <span class='ocrx_word' id='word_1_176' title='bbox 1469 2589 1638 2641; x_wconf 88' lang='lat' dir='ltr'>adhuc</span> <span class='ocrx_word' id='word_1_177' title='bbox 1674 2604 1779 2641; x_wconf 92' lang='lat' dir='ltr'>non</span> <span class='ocrx_word' id='word_1_178' title='bbox 1817 2593 1962 2655; x_wconf 85' lang='lat' dir='ltr'>patet.</span> 
     </span>
    </p>

    <p class='ocr_par' dir='ltr' id='par_1_9' title="bbox 267 2685 1597 2744">
     <span class='ocr_line' id='line_1_23' title="bbox 267 2685 1597 2744; baseline -0.004 -3"><span class='ocrx_word' id='word_1_179' title='bbox 267 2686 366 2744; x_wconf 85' lang='lat' dir='ltr'>Res</span> <span class='ocrx_word' id='word_1_180' title='bbox 399 2686 463 2738; x_wconf 91' lang='lat' dir='ltr'>ad</span> <span class='ocrx_word' id='word_1_181' title='bbox 499 2685 840 2739; x_wconf 89' lang='lat' dir='ltr'>chrematistas</span> <span class='ocrx_word' id='word_1_182' title='bbox 875 2686 1066 2737; x_wconf 88' lang='lat' dir='ltr'>delatae</span> <span class='ocrx_word' id='word_1_183' title='bbox 1099 2686 1164 2737; x_wconf 92' lang='lat' dir='ltr'>ab</span> <span class='ocrx_word' id='word_1_184' title='bbox 1201 2685 1261 2737; x_wconf 90' lang='lat' dir='ltr'>iis</span> <span class='ocrx_word' id='word_1_185' title='bbox 1298 2685 1597 2737; x_wconf 82' lang='lat' dir='ltr'>iudicantur.</span> 
     </span>
    </p>

    <p class='ocr_par' dir='ltr' id='par_1_10' title="bbox 266 2771 2156 2849">
     <span class='ocr_line' id='line_1_24' title="bbox 266 2771 2156 2849; baseline -0.001 -13"><span class='ocrx_word' id='word_1_186' title='bbox 266 2785 323 2836; x_wconf 88' lang='lat' dir='ltr'>ln</span> <span class='ocrx_word' id='word_1_187' title='bbox 358 2771 648 2837; x_wconf 83' lang='lat' dir='ltr'>libellorum</span> <span class='ocrx_word' id='word_1_188' title='bbox 684 2783 781 2836; x_wconf 91' lang='lat' dir='ltr'>sibi</span> <span class='ocrx_word' id='word_1_189' title='bbox 817 2783 1100 2836; x_wconf 88' lang='lat' dir='ltr'>delatorum</span> <span class='ocrx_word' id='word_1_190' title='bbox 1131 2798 1306 2835; x_wconf 89' lang='lat' dir='ltr'>causas</span> <span class='ocrx_word' id='word_1_191' title='bbox 1335 2787 1581 2848; x_wconf 85' lang='lat' dir='ltr'>strategus</span> <span class='ocrx_word' id='word_1_192' title='bbox 1604 2787 1689 2834; x_wconf 85' lang='lat' dir='ltr'>aut</span> <span class='ocrx_word' id='word_1_193' title='bbox 1714 2783 1821 2849; x_wconf 88' lang='lat' dir='ltr'>ipse</span> <span class='ocrx_word' id='word_1_194' title='bbox 1846 2783 2156 2849; x_wconf 83' lang='lat' dir='ltr'>inquirebat,</span> 
     </span>
    </p>
   </div>
   <div class='ocr_carea' id='block_1_7' title="bbox 204 2933 470 2942">
    <p class='ocr_par' dir='ltr' id='par_1_11' title="bbox 204 2933 470 2942">
     <span class='ocr_line' id='line_1_25' title="bbox 204 2933 470 2942; baseline 0 0"><span class='ocrx_word' id='word_1_195' title='bbox 204 2933 470 2942; x_wconf 95' lang='lat' dir='ltr'> </span> 
     </span>
    </p>
   </div>
   <div class='ocr_carea' id='block_1_8' title="bbox 201 3046 2162 3870">
    <p class='ocr_par' dir='ltr' id='par_1_12' title="bbox 254 3046 768 3101">
     <span class='ocr_line' id='line_1_26' title="bbox 254 3046 768 3101; baseline -0.002 -12"><span class='ocrx_word' id='word_1_196' title='bbox 254 3046 293 3101; x_wconf 84' lang='lat'>1)</span> <span class='ocrx_word' id='word_1_197' title='bbox 346 3047 456 3100; x_wconf 79' lang='lat' dir='ltr'>Pap.</span> <span class='ocrx_word' id='word_1_198' title='bbox 490 3048 602 3089; x_wconf 79' lang='lat' dir='ltr'>Tebt.</span> <span class='ocrx_word' id='word_1_199' title='bbox 635 3048 673 3098; x_wconf 82' lang='lat'>1,</span> <span class='ocrx_word' id='word_1_200' title='bbox 704 3049 768 3088; x_wconf 82' lang='lat'>34.</span> 
     </span>
    </p>

    <p class='ocr_par' dir='ltr' id='par_1_13' title="bbox 201 3123 2157 3258">
     <span class='ocr_line' id='line_1_27' title="bbox 255 3123 2157 3181; baseline -0.001 -13"><span class='ocrx_word' id='word_1_201' title='bbox 255 3123 490 3181; x_wconf 81' lang='grc' dir='ltr'><em>Πράκτορι</em></span> <span class='ocrx_word' id='word_1_202' title='bbox 533 3128 666 3167; x_wconf 88' lang='lat' dir='ltr'>aetate</span> <span class='ocrx_word' id='word_1_203' title='bbox 708 3126 957 3177; x_wconf 87' lang='lat' dir='ltr'>Lagidarum</span> <span class='ocrx_word' id='word_1_204' title='bbox 1003 3126 1235 3167; x_wconf 88' lang='lat' dir='ltr'>iniunctum</span> <span class='ocrx_word' id='word_1_205' title='bbox 1280 3128 1365 3166; x_wconf 87' lang='lat' dir='ltr'>erat</span> <span class='ocrx_word' id='word_1_206' title='bbox 1410 3129 1454 3166; x_wconf 90' lang='lat' dir='ltr'>ut</span> <span class='ocrx_word' id='word_1_207' title='bbox 1498 3127 1695 3176; x_wconf 83' lang='lat' dir='ltr'>pecunias</span> <span class='ocrx_word' id='word_1_208' title='bbox 1739 3126 1923 3167; x_wconf 86' lang='lat' dir='ltr'>residuas</span> <span class='ocrx_word' id='word_1_209' title='bbox 1967 3127 2157 3177; x_wconf 82' lang='lat' dir='ltr'>exigeret.</span> 
     </span>
     <span class='ocr_line' id='line_1_28' title="bbox 201 3194 2104 3258; baseline -0.002 -11"><span class='ocrx_word' id='word_1_210' title='bbox 201 3194 328 3247; x_wconf 80' lang='lat' dir='ltr'>Unde</span> <span class='ocrx_word' id='word_1_211' title='bbox 364 3204 447 3246; x_wconf 86' lang='lat' dir='ltr'>iam</span> <span class='ocrx_word' id='word_1_212' title='bbox 476 3206 648 3256; x_wconf 85' lang='lat' dir='ltr'>apparet</span> <span class='ocrx_word' id='word_1_213' title='bbox 678 3204 794 3245; x_wconf 88' lang='lat' dir='ltr'>illurn</span> <span class='ocrx_word' id='word_1_214' title='bbox 834 3202 1031 3258; x_wconf 84' lang='grc' dir='ltr'><em>γεωργόν</em></span> <span class='ocrx_word' id='word_1_215' title='bbox 1059 3215 1147 3245; x_wconf 90' lang='lat' dir='ltr'>esse</span> <span class='ocrx_word' id='word_1_216' title='bbox 1175 3200 1428 3257; x_wconf 82' lang='grc' dir='ltr'><strong><em>ἀπηγμένον</em></strong></span> <span class='ocrx_word' id='word_1_217' title='bbox 1458 3206 1628 3254; x_wconf 80' lang='lat' dir='ltr'>propter</span> <span class='ocrx_word' id='word_1_218' title='bbox 1657 3204 1811 3245; x_wconf 87' lang='lat' dir='ltr'>tributa</span> <span class='ocrx_word' id='word_1_219' title='bbox 1842 3216 1925 3244; x_wconf 89' lang='lat' dir='ltr'>non</span> <span class='ocrx_word' id='word_1_220' title='bbox 1957 3205 2104 3245; x_wconf 86' lang='lat' dir='ltr'>soluta.</span> 
     </span>
    </p>

    <p class='ocr_par' dir='ltr' id='par_1_14' title="bbox 255 3281 1274 3335">
     <span class='ocr_line' id='line_1_29' title="bbox 255 3281 1274 3335; baseline -0.002 -11"><span class='ocrx_word' id='word_1_221' title='bbox 255 3281 292 3334; x_wconf 82' lang='lat'>²)</span> <span class='ocrx_word' id='word_1_222' title='bbox 348 3282 458 3335; x_wconf 82' lang='lat' dir='ltr'>Pap.</span> <span class='ocrx_word' id='word_1_223' title='bbox 494 3282 604 3323; x_wconf 78' lang='lat' dir='ltr'><em>Tebt.</em></span> <span class='ocrx_word' id='word_1_224' title='bbox 638 3282 677 3332; x_wconf 89' lang='lat'>1,</span> <span class='ocrx_word' id='word_1_225' title='bbox 711 3284 781 3332; x_wconf 87' lang='lat'>14,</span> <span class='ocrx_word' id='word_1_226' title='bbox 812 3284 837 3323; x_wconf 89' lang='lat'><strong>2</strong></span> <span class='ocrx_word' id='word_1_227' title='bbox 867 3293 983 3334; x_wconf 87' lang='lat' dir='ltr'>sqq.;</span> <span class='ocrx_word' id='word_1_228' title='bbox 1016 3281 1067 3323; x_wconf 81' lang='lat' dir='ltr'>cf.</span> <span class='ocrx_word' id='word_1_229' title='bbox 1103 3284 1150 3323; x_wconf 89' lang='lat'>12</span> <span class='ocrx_word' id='word_1_230' title='bbox 1181 3293 1274 3334; x_wconf 88' lang='lat' dir='ltr'>sqq.</span> 
     </span>
    </p>

    <p class='ocr_par' dir='ltr' id='par_1_15' title="bbox 203 3356 2161 3493">
     <span class='ocr_line' id='line_1_30' title="bbox 256 3356 2161 3414; baseline 0 -13"><span class='ocrx_word' id='word_1_231' title='bbox 256 3359 293 3412; x_wconf 76' lang='grc'>3)</span> <span class='ocrx_word' id='word_1_232' title='bbox 351 3358 418 3401; x_wconf 81' lang='lat' dir='ltr'>Cf.</span> <span class='ocrx_word' id='word_1_233' title='bbox 448 3371 486 3401; x_wconf 83' lang='lat' dir='ltr'>v.</span> <span class='ocrx_word' id='word_1_234' title='bbox 506 3361 553 3401; x_wconf 89' lang='grc'>17</span> <span class='ocrx_word' id='word_1_235' title='bbox 567 3371 630 3411; x_wconf 90' lang='lat' dir='ltr'>sq.</span> <span class='ocrx_word' id='word_1_236' title='bbox 674 3390 682 3400; x_wconf 94' lang='lat'><strong>.</strong></span> <span class='ocrx_word' id='word_1_237' title='bbox 703 3390 711 3400; x_wconf 86' lang='lat'><strong>.</strong></span> <span class='ocrx_word' id='word_1_238' title='bbox 732 3390 739 3399; x_wconf 94' lang='lat'><em>.</em></span> <span class='ocrx_word' id='word_1_239' title='bbox 757 3391 765 3400; x_wconf 91' lang='lat'><strong>.</strong></span> <span class='ocrx_word' id='word_1_240' title='bbox 796 3357 1009 3414; x_wconf 84' lang='grc' dir='ltr'>ὑπάρχειν</span> <span class='ocrx_word' id='word_1_241' title='bbox 1039 3356 1087 3400; x_wconf 83' lang='grc' dir='ltr'>δὲ</span> <span class='ocrx_word' id='word_1_242' title='bbox 1117 3358 1276 3400; x_wconf 84' lang='grc' dir='ltr'><em>τούτωι</em></span> <span class='ocrx_word' id='word_1_243' title='bbox 1308 3357 1343 3406; x_wconf 88' lang='grc' dir='ltr'>ς’</span> <span class='ocrx_word' id='word_1_244' title='bbox 1369 3357 1541 3413; x_wconf 65' lang='grc' dir='ltr'><em>μέίρος)</em></span> <span class='ocrx_word' id='word_1_245' title='bbox 1572 3363 1648 3400; x_wconf 84' lang='grc' dir='ltr'>τοῦ</span> <span class='ocrx_word' id='word_1_246' title='bbox 1678 3358 1802 3405; x_wconf 81' lang='grc' dir='ltr'><strong><em>ὄντος</em></strong></span> <span class='ocrx_word' id='word_1_247' title='bbox 1831 3357 1877 3400; x_wconf 81' lang='grc' dir='ltr'>ἐν</span> <span class='ocrx_word' id='word_1_248' title='bbox 1907 3364 1975 3414; x_wconf 83' lang='grc' dir='ltr'>τῆι</span> <span class='ocrx_word' id='word_1_249' title='bbox 2008 3358 2161 3414; x_wconf 78' lang='grc' dir='ltr'><em>κώμηι</em></span> 
     </span>
     <span class='ocr_line' id='line_1_31' title="bbox 203 3432 1121 3493; baseline -0.002 -13"><span class='ocrx_word' id='word_1_250' title='bbox 203 3435 616 3493; x_wconf 79' lang='grc' dir='ltr'><em>Διοσκ[ο]ρ&lt;ει’&gt;ου.</em></span> <span class='ocrx_word' id='word_1_251' title='bbox 1119 3432 1121 3435; x_wconf 60' lang='grc'>’</span> 
     </span>
    </p>

    <p class='ocr_par' dir='ltr' id='par_1_16' title="bbox 201 3516 2162 3805">
     <span class='ocr_line' id='line_1_32' title="bbox 256 3516 2159 3569; baseline -0.002 -10"><span class='ocrx_word' id='word_1_252' title='bbox 256 3516 295 3569; x_wconf 73' lang='lat'>⁴)</span> <span class='ocrx_word' id='word_1_253' title='bbox 349 3516 418 3559; x_wconf 73' lang='lat' dir='ltr'>cf.</span> <span class='ocrx_word' id='word_1_254' title='bbox 462 3516 561 3558; x_wconf 83' lang='lat' dir='ltr'>Paul</span> <span class='ocrx_word' id='word_1_255' title='bbox 600 3516 658 3558; x_wconf 84' lang='lat' dir='ltr'>M.</span> <span class='ocrx_word' id='word_1_256' title='bbox 688 3517 850 3569; x_wconf 87' lang='lat' dir='ltr'>Meyer,</span> <span class='ocrx_word' id='word_1_257' title='bbox 890 3517 999 3557; x_wconf 81' lang='lat' dir='ltr'>Zum</span> <span class='ocrx_word' id='word_1_258' title='bbox 1040 3516 1209 3562; x_wconf 77' lang='lat' dir='ltr'>Rechts·</span> <span class='ocrx_word' id='word_1_259' title='bbox 1252 3517 1343 3557; x_wconf 80' lang='lat' dir='ltr'>und</span> <span class='ocrx_word' id='word_1_260' title='bbox 1375 3516 1736 3558; x_wconf 60' lang='lat' dir='ltr'>Utsseandemvesen</span> <span class='ocrx_word' id='word_1_261' title='bbox 1776 3518 1833 3556; x_wconf 84' lang='lat' dir='ltr'>im</span> <span class='ocrx_word' id='word_1_262' title='bbox 1868 3517 2159 3567; x_wconf 68' lang='lat' dir='ltr'>ptolemdt&#39;scle-</span> 
     </span>
     <span class='ocr_line' id='line_1_33' title="bbox 201 3581 2160 3648; baseline -0.002 -11"><span class='ocrx_word' id='word_1_263' title='bbox 201 3594 434 3637; x_wconf 51' lang='lat' dir='ltr'>&amp;melnen</span> <span class='ocrx_word' id='word_1_264' title='bbox 476 3581 674 3648; x_wconf 57' lang='lat' dir='ltr'>Zlgypten</span> <span class='ocrx_word' id='word_1_265' title='bbox 714 3596 756 3636; x_wconf 88' lang='lat' dir='ltr'>in</span> <span class='ocrx_word' id='word_1_266' title='bbox 790 3595 887 3641; x_wconf 80' lang='lat' dir='ltr'>Klio</span> <span class='ocrx_word' id='word_1_267' title='bbox 915 3595 971 3636; x_wconf 91' lang='lat' dir='ltr'>Vl</span> <span class='ocrx_word' id='word_1_268' title='bbox 1002 3606 1043 3646; x_wconf 81' lang='lat' dir='ltr'>p.</span> <span class='ocrx_word' id='word_1_269' title='bbox 1073 3596 1152 3636; x_wconf 82' lang='lat'>459</span> <span class='ocrx_word' id='word_1_270' title='bbox 1181 3605 1296 3646; x_wconf 84' lang='lat' dir='ltr'>sqq.;</span> <span class='ocrx_word' id='word_1_271' title='bbox 1338 3594 1411 3635; x_wconf 93' lang='lat' dir='ltr'>Vll</span> <span class='ocrx_word' id='word_1_272' title='bbox 1443 3606 1483 3645; x_wconf 84' lang='lat' dir='ltr'>p.</span> <span class='ocrx_word' id='word_1_273' title='bbox 1515 3596 1591 3635; x_wconf 83' lang='lat'>289</span> <span class='ocrx_word' id='word_1_274' title='bbox 1631 3606 1746 3646; x_wconf 72' lang='lat' dir='ltr'>sqq,</span> <span class='ocrx_word' id='word_1_275' title='bbox 1789 3597 1933 3635; x_wconf 83' lang='lat' dir='ltr'>contra</span> <span class='ocrx_word' id='word_1_276' title='bbox 1968 3594 2160 3635; x_wconf 85' lang='lat' dir='ltr'>Tauben-</span> 
     </span>
     <span class='ocr_line' id='line_1_34' title="bbox 203 3673 2162 3727; baseline -0.003 -10"><span class='ocrx_word' id='word_1_277' title='bbox 203 3674 370 3727; x_wconf 80' lang='lat' dir='ltr'>schlag,</span> <span class='ocrx_word' id='word_1_278' title='bbox 405 3674 491 3716; x_wconf 77' lang='lat' dir='ltr'>Die</span> <span class='ocrx_word' id='word_1_279' title='bbox 511 3673 855 3726; x_wconf 70' lang='lat' dir='ltr'>ptolemaei-senen</span> <span class='ocrx_word' id='word_1_280' title='bbox 883 3673 1209 3715; x_wconf 76' lang='lat' dir='ltr'>Schiedsn‘clzter</span> <span class='ocrx_word' id='word_1_281' title='bbox 1235 3674 1327 3714; x_wconf 84' lang='lat' dir='ltr'>und</span> <span class='ocrx_word' id='word_1_282' title='bbox 1353 3674 1445 3714; x_wconf 75' lang='lat' dir='ltr'>ihre</span> <span class='ocrx_word' id='word_1_283' title='bbox 1470 3673 1716 3724; x_wconf 70' lang='lat' dir='ltr'>Bedeutung</span> <span class='ocrx_word' id='word_1_284' title='bbox 1735 3674 1820 3724; x_wconf 76' lang='lat' dir='ltr'>siit·</span> <span class='ocrx_word' id='word_1_285' title='bbox 1844 3673 1913 3714; x_wconf 81' lang='lat' dir='ltr'>die</span> <span class='ocrx_word' id='word_1_286' title='bbox 1939 3673 2162 3725; x_wconf 62' lang='lat' dir='ltr'>Rezeym&#39;on</span> 
     </span>
     <span class='ocr_line' id='line_1_35' title="bbox 204 3750 1650 3805; baseline -0.001 -11"><span class='ocrx_word' id='word_1_287' title='bbox 204 3753 278 3794; x_wconf 62' lang='lat' dir='ltr'>dm</span> <span class='ocrx_word' id='word_1_288' title='bbox 300 3752 580 3805; x_wconf 69' lang='lat' dir='ltr'>griechischen</span> <span class='ocrx_word' id='word_1_289' title='bbox 605 3751 755 3798; x_wconf 79' lang='lat' dir='ltr'>Reclzts</span> <span class='ocrx_word' id='word_1_290' title='bbox 784 3752 828 3792; x_wconf 77' lang='lat' dir='ltr'>in</span> <span class='ocrx_word' id='word_1_291' title='bbox 858 3750 1088 3804; x_wconf 80' lang='lat' dir='ltr'>Aegypten.</span> <span class='ocrx_word' id='word_1_292' title='bbox 1120 3750 1290 3804; x_wconf 80' lang='grc' dir='ltr'>(Αη-Ιιίν</span> <span class='ocrx_word' id='word_1_293' title='bbox 1322 3752 1373 3791; x_wconf 80' lang='lat' dir='ltr'>IV</span> <span class='ocrx_word' id='word_1_294' title='bbox 1403 3763 1443 3802; x_wconf 79' lang='lat' dir='ltr'>p.</span> <span class='ocrx_word' id='word_1_295' title='bbox 1480 3755 1493 3792; x_wconf 86' lang='lat'>1</span> <span class='ocrx_word' id='word_1_296' title='bbox 1528 3751 1650 3803; x_wconf 72' lang='lat' dir='ltr'>sqq).</span> 
     </span>
    </p>

    <p class='ocr_par' dir='ltr' id='par_1_17' title="bbox 1948 3829 1996 3870">
     <span class='ocr_line' id='line_1_36' title="bbox 1948 3829 1996 3870; baseline 0 -16"><span class='ocrx_word' id='word_1_297' title='bbox 1948 3829 1996 3870; x_wconf 55' lang='lat'>4*</span> 
     </span>
    </p>
   </div>
  </div>
 </body>
</html>
