<?xml version="1.0" encoding="UTF-8"?>
<!DOCTYPE html PUBLIC "-//W3C//DTD XHTML 1.0 Transitional//EN"
    "http://www.w3.org/TR/xhtml1/DTD/xhtml1-transitional.dtd">
<html xmlns="http://www.w3.org/1999/xhtml" xml:lang="en" lang="en">
 <head>
  <title>
</title>
<meta http-equiv="Content-Type" content="text/html;charset=utf-8" />
  <meta name='ocr-system' content='tesseract 3.04.00' />
  <meta name='ocr-capabilities' content='ocr_page ocr_carea ocr_par ocr_line ocrx_word'/>
</head>
<body>
  <div class='ocr_page' id='page_1' title='image "./deaegyptiarumkmn00engeuoft_0016.png"; bbox 0 0 2612 4412; ppageno 0'>
   <div class='ocr_carea' id='block_1_1' title="bbox 1337 406 1368 455">
    <p class='ocr_par' dir='ltr' id='par_1_1' title="bbox 1337 406 1368 455">
     <span class='ocr_line' id='line_1_1' title="bbox 1337 406 1368 455; baseline 0 0"><span class='ocrx_word' id='word_1_1' title='bbox 1337 406 1368 455; x_wconf 85' lang='lat'>6</span> 
     </span>
    </p>
   </div>
   <div class='ocr_carea' id='block_1_2' title="bbox 378 557 2346 2069">
    <p class='ocr_par' dir='ltr' id='par_1_2' title="bbox 379 557 2335 913">
     <span class='ocr_line' id='line_1_2' title="bbox 443 557 2331 629; baseline 0.003 -21"><span class='ocrx_word' id='word_1_2' title='bbox 443 557 782 609; x_wconf 77' lang='lat' dir='ltr'>Adiciendum</span> <span class='ocrx_word' id='word_1_3' title='bbox 819 562 892 609; x_wconf 90' lang='lat' dir='ltr'>est</span> <span class='ocrx_word' id='word_1_4' title='bbox 925 574 985 609; x_wconf 84' lang='lat' dir='ltr'>ex</span> <span class='ocrx_word' id='word_1_5' title='bbox 1019 573 1156 609; x_wconf 91' lang='lat' dir='ltr'>anno</span> <span class='ocrx_word' id='word_1_6' title='bbox 1199 559 1316 610; x_wconf 87' lang='lat'>1901</span> <span class='ocrx_word' id='word_1_7' title='bbox 1359 559 1552 622; x_wconf 90' lang='lat' dir='ltr'>omnia,</span> <span class='ocrx_word' id='word_1_8' title='bbox 1589 575 1720 625; x_wconf 88' lang='lat' dir='ltr'>quae</span> <span class='ocrx_word' id='word_1_9' title='bbox 1743 560 1807 611; x_wconf 91' lang='lat' dir='ltr'>ad</span> <span class='ocrx_word' id='word_1_10' title='bbox 1832 560 2149 627; x_wconf 85' lang='lat' dir='ltr'>disciplinam</span> <span class='ocrx_word' id='word_1_11' title='bbox 2175 577 2331 629; x_wconf 89' lang='lat' dir='ltr'>papy-</span> 
     </span>
     <span class='ocr_line' id='line_1_3' title="bbox 380 654 2328 722; baseline 0.002 -16"><span class='ocrx_word' id='word_1_12' title='bbox 380 655 655 719; x_wconf 87' lang='lat' dir='ltr'>rologicam</span> <span class='ocrx_word' id='word_1_13' title='bbox 704 654 1006 719; x_wconf 89' lang='lat' dir='ltr'>pertineant,</span> <span class='ocrx_word' id='word_1_14' title='bbox 1056 659 1259 706; x_wconf 87' lang='lat' dir='ltr'>auctore</span> <span class='ocrx_word' id='word_1_15' title='bbox 1300 655 1583 708; x_wconf 89' lang='lat' dir='ltr'>Wilckenio</span> <span class='ocrx_word' id='word_1_16' title='bbox 1619 656 1786 722; x_wconf 88' lang='lat' dir='ltr'>colligi</span> <span class='ocrx_word' id='word_1_17' title='bbox 1824 657 1874 707; x_wconf 91' lang='lat' dir='ltr'>in</span> <span class='ocrx_word' id='word_1_18' title='bbox 1912 658 2328 720; x_wconf 81' lang='lat' dir='ltr'>commentariOS,</span> 
     </span>
     <span class='ocr_line' id='line_1_4' title="bbox 379 749 2335 817; baseline 0.002 -16"><span class='ocrx_word' id='word_1_19' title='bbox 379 751 466 816; x_wconf 84' lang='lat' dir='ltr'>qui</span> <span class='ocrx_word' id='word_1_20' title='bbox 519 749 863 817; x_wconf 81' lang='lat' dir='ltr'>appellantur:</span> <span class='ocrx_word' id='word_1_21' title='bbox 927 751 1146 804; x_wconf 81' lang='lat' dir='ltr'>„Arelu’v</span> <span class='ocrx_word' id='word_1_22' title='bbox 1185 752 1285 817; x_wconf 73' lang='lat' dir='ltr'>fiir</span> <span class='ocrx_word' id='word_1_23' title='bbox 1329 751 1846 817; x_wconf 77' lang='lat' dir='ltr'>Papyrasforsclzang</span> <span class='ocrx_word' id='word_1_24' title='bbox 1896 753 2008 803; x_wconf 77' lang='lat' dir='ltr'>aad</span> <span class='ocrx_word' id='word_1_25' title='bbox 2057 755 2335 805; x_wconf 79' lang='lat' dir='ltr'>verwandte</span> 
     </span>
     <span class='ocr_line' id='line_1_5' title="bbox 383 847 2249 913; baseline 0.001 -14"><span class='ocrx_word' id='word_1_26' title='bbox 383 848 638 912; x_wconf 80' lang='lat' dir='ltr'>Gebiete”;</span> <span class='ocrx_word' id='word_1_27' title='bbox 674 862 896 913; x_wconf 86' lang='lat' dir='ltr'>quorum</span> <span class='ocrx_word' id='word_1_28' title='bbox 934 848 1033 899; x_wconf 93' lang='lat' dir='ltr'>hoc</span> <span class='ocrx_word' id='word_1_29' title='bbox 1066 847 1130 898; x_wconf 87' lang='lat' dir='ltr'>ad</span> <span class='ocrx_word' id='word_1_30' title='bbox 1166 851 1367 913; x_wconf 89' lang='lat' dir='ltr'>tempus</span> <span class='ocrx_word' id='word_1_31' title='bbox 1402 847 1534 898; x_wconf 87' lang='lat' dir='ltr'>edita</span> <span class='ocrx_word' id='word_1_32' title='bbox 1568 851 1686 898; x_wconf 88' lang='lat' dir='ltr'>sunt</span> <span class='ocrx_word' id='word_1_33' title='bbox 1722 848 1982 899; x_wconf 91' lang='lat' dir='ltr'>volumina</span> <span class='ocrx_word' id='word_1_34' title='bbox 2017 852 2249 913; x_wconf 88' lang='lat' dir='ltr'>quatuor.</span> 
     </span>
    </p>

    <p class='ocr_par' dir='ltr' id='par_1_3' title="bbox 379 928 2333 1104">
     <span class='ocr_line' id='line_1_6' title="bbox 448 928 2333 1011; baseline 0.001 -17"><span class='ocrx_word' id='word_1_35' title='bbox 448 944 712 995; x_wconf 81' lang='lat' dir='ltr'>Postremo</span> <span class='ocrx_word' id='word_1_36' title='bbox 748 944 1093 994; x_wconf 87' lang='lat' dir='ltr'>commentarii</span> <span class='ocrx_word' id='word_1_37' title='bbox 1126 948 1496 1007; x_wconf 80' lang='lat' dir='ltr'><strong>memorentur,</strong></span> <span class='ocrx_word' id='word_1_38' title='bbox 1535 928 1623 1009; x_wconf 85' lang='lat' dir='ltr'>qui</span> <span class='ocrx_word' id='word_1_39' title='bbox 1648 944 1821 995; x_wconf 88' lang='lat' dir='ltr'>omnia</span> <span class='ocrx_word' id='word_1_40' title='bbox 1845 959 2000 1011; x_wconf 89' lang='lat' dir='ltr'>opera</span> <span class='ocrx_word' id='word_1_41' title='bbox 2023 944 2087 995; x_wconf 90' lang='lat' dir='ltr'>ad</span> <span class='ocrx_word' id='word_1_42' title='bbox 2113 960 2333 1011; x_wconf 85' lang='lat' dir='ltr'>papyros</span> 
     </span>
     <span class='ocr_line' id='line_1_7' title="bbox 379 1039 1050 1104; baseline 0.001 -15"><span class='ocrx_word' id='word_1_43' title='bbox 379 1039 676 1104; x_wconf 75' lang='lat' dir='ltr'>pertinentia</span> <span class='ocrx_word' id='word_1_44' title='bbox 710 1043 1050 1104; x_wconf 86' lang='lat' dir='ltr'>componunt:</span> 
     </span>
    </p>

    <p class='ocr_par' dir='ltr' id='par_1_4' title="bbox 448 1134 2168 1201">
     <span class='ocr_line' id='line_1_8' title="bbox 448 1134 2168 1201; baseline 0 -16"><span class='ocrx_word' id='word_1_45' title='bbox 448 1136 511 1185; x_wconf 87' lang='lat' dir='ltr'>N.</span> <span class='ocrx_word' id='word_1_46' title='bbox 551 1134 848 1198; x_wconf 82' lang='lat' dir='ltr'>Hohlwein,</span> <span class='ocrx_word' id='word_1_47' title='bbox 891 1137 994 1189; x_wconf 82' lang='lat' dir='ltr'>„La</span> <span class='ocrx_word' id='word_1_48' title='bbox 1023 1136 1354 1201; x_wconf 75' lang='lat' dir='ltr'>papyrologie</span> <span class='ocrx_word' id='word_1_49' title='bbox 1380 1137 1621 1200; x_wconf 81' lang='lat' dir='ltr'>grecqae&#39;&#39;</span> <span class='ocrx_word' id='word_1_50' title='bbox 1662 1136 1963 1200; x_wconf 87' lang='lat' dir='ltr'>(Leovaniae</span> <span class='ocrx_word' id='word_1_51' title='bbox 2004 1135 2168 1201; x_wconf 83' lang='lat'><strong>1905).</strong></span> 
     </span>
    </p>

    <p class='ocr_par' dir='ltr' id='par_1_5' title="bbox 381 1218 2338 1390">
     <span class='ocr_line' id='line_1_9' title="bbox 451 1218 2338 1298; baseline 0.001 -17"><span class='ocrx_word' id='word_1_52' title='bbox 451 1231 503 1281; x_wconf 79' lang='lat' dir='ltr'>P.</span> <span class='ocrx_word' id='word_1_53' title='bbox 536 1232 780 1296; x_wconf 87' lang='lat' dir='ltr'>Jouguet,</span> <span class='ocrx_word' id='word_1_54' title='bbox 838 1232 1168 1297; x_wconf 79' lang='lat' dir='ltr'>„Clzrotzique</span> <span class='ocrx_word' id='word_1_55' title='bbox 1223 1234 1312 1284; x_wconf 84' lang='lat' dir='ltr'>des</span> <span class='ocrx_word' id='word_1_56' title='bbox 1356 1233 1617 1298; x_wconf 78' lang='lat' dir='ltr'>Papyras&#39;&#39;</span> <span class='ocrx_word' id='word_1_57' title='bbox 1679 1233 1731 1283; x_wconf 89' lang='lat' dir='ltr'>in</span> <span class='ocrx_word' id='word_1_58' title='bbox 1779 1233 1950 1290; x_wconf 77' lang='lat' dir='ltr'>Revae</span> <span class='ocrx_word' id='word_1_59' title='bbox 2004 1233 2094 1284; x_wconf 83' lang='lat' dir='ltr'>des</span> <span class='ocrx_word' id='word_1_60' title='bbox 2144 1218 2338 1283; x_wconf 70' lang='lat' dir='ltr'>Etudes</span> 
     </span>
     <span class='ocr_line' id='line_1_10' title="bbox 381 1327 1022 1390; baseline 0.005 -14"><span class='ocrx_word' id='word_1_61' title='bbox 381 1327 650 1377; x_wconf 77' lang='lat' dir='ltr'>anciennes</span> <span class='ocrx_word' id='word_1_62' title='bbox 690 1329 839 1390; x_wconf 86' lang='lat'>1903,</span> <span class='ocrx_word' id='word_1_63' title='bbox 883 1329 1022 1379; x_wconf 85' lang='grc'>1905.</span> 
     </span>
    </p>

    <p class='ocr_par' dir='ltr' id='par_1_6' title="bbox 381 1423 2346 1684">
     <span class='ocr_line' id='line_1_11' title="bbox 451 1423 2337 1491; baseline 0.002 -18"><span class='ocrx_word' id='word_1_64' title='bbox 451 1423 573 1473; x_wconf 80' lang='lat' dir='ltr'>Paul</span> <span class='ocrx_word' id='word_1_65' title='bbox 611 1424 843 1487; x_wconf 86' lang='lat' dir='ltr'>Viereck,</span> <span class='ocrx_word' id='word_1_66' title='bbox 884 1425 1141 1478; x_wconf 76' lang='lat' dir='ltr'>„Berichte</span> <span class='ocrx_word' id='word_1_67' title='bbox 1174 1426 1298 1476; x_wconf 75' lang='lat' dir='ltr'>iiber</span> <span class='ocrx_word' id='word_1_68' title='bbox 1335 1426 1419 1476; x_wconf 82' lang='lat' dir='ltr'>die</span> <span class='ocrx_word' id='word_1_69' title='bbox 1451 1426 1796 1490; x_wconf 74' lang='lat' dir='ltr'>griechischen</span> <span class='ocrx_word' id='word_1_70' title='bbox 1836 1424 2337 1491; x_wconf 78' lang='lat' dir='ltr'>Papyrusurkanden</span> 
     </span>
     <span class='ocr_line' id='line_1_12' title="bbox 381 1520 2346 1588; baseline 0.001 -19"><span class='ocrx_word' id='word_1_71' title='bbox 381 1520 569 1570; x_wconf 84' lang='grc'>1899-</span> <span class='ocrx_word' id='word_1_72' title='bbox 583 1521 743 1571; x_wconf 86' lang='grc'>1905”</span> <span class='ocrx_word' id='word_1_73' title='bbox 794 1521 846 1571; x_wconf 89' lang='lat' dir='ltr'>in</span> <span class='ocrx_word' id='word_1_74' title='bbox 893 1522 1150 1573; x_wconf 76' lang='lat' dir='ltr'>Bursians</span> <span class='ocrx_word' id='word_1_75' title='bbox 1183 1522 1592 1588; x_wconf 79' lang='lat' dir='ltr'>Jahresbericlzte</span> <span class='ocrx_word' id='word_1_76' title='bbox 1625 1522 1750 1573; x_wconf 75' lang='lat' dir='ltr'>iiber</span> <span class='ocrx_word' id='word_1_77' title='bbox 1780 1522 1864 1573; x_wconf 85' lang='lat' dir='ltr'>die</span> <span class='ocrx_word' id='word_1_78' title='bbox 1895 1521 2220 1573; x_wconf 79' lang='lat' dir='ltr'>Fortscltritte</span> <span class='ocrx_word' id='word_1_79' title='bbox 2251 1520 2346 1572; x_wconf 81' lang='lat' dir='ltr'>der</span> 
     </span>
     <span class='ocr_line' id='line_1_13' title="bbox 382 1616 1539 1684; baseline 0.003 -18"><span class='ocrx_word' id='word_1_80' title='bbox 382 1616 696 1667; x_wconf 60' lang='lat' dir='ltr'>klassclsclzen</span> <span class='ocrx_word' id='word_1_81' title='bbox 731 1618 1364 1684; x_wconf 76' lang='lat' dir='ltr'>Altertamswissensclzast</span> <span class='ocrx_word' id='word_1_82' title='bbox 1393 1619 1539 1669; x_wconf 77' lang='lat'><em>1907.</em></span> 
     </span>
    </p>

    <p class='ocr_par' dir='ltr' id='par_1_7' title="bbox 378 1700 2341 1877">
     <span class='ocr_line' id='line_1_14' title="bbox 451 1700 2341 1781; baseline 0.001 -18"><span class='ocrx_word' id='word_1_83' title='bbox 451 1713 521 1771; x_wconf 62' lang='lat' dir='ltr'>S„</span> <span class='ocrx_word' id='word_1_84' title='bbox 546 1713 609 1764; x_wconf 89' lang='lat' dir='ltr'>de</span> <span class='ocrx_word' id='word_1_85' title='bbox 659 1714 817 1778; x_wconf 84' lang='lat' dir='ltr'>Ricci,</span> <span class='ocrx_word' id='word_1_86' title='bbox 887 1716 1140 1769; x_wconf 78' lang='lat' dir='ltr'>„Bulletitz</span> <span class='ocrx_word' id='word_1_87' title='bbox 1198 1716 1625 1781; x_wconf 76' lang='lat' dir='ltr'>papyrologiqae”</span> <span class='ocrx_word' id='word_1_88' title='bbox 1691 1715 1742 1765; x_wconf 89' lang='lat' dir='ltr'>in</span> <span class='ocrx_word' id='word_1_89' title='bbox 1790 1715 1960 1773; x_wconf 73' lang='lat' dir='ltr'>Reme</span> <span class='ocrx_word' id='word_1_90' title='bbox 2009 1715 2100 1766; x_wconf 84' lang='lat' dir='ltr'>des</span> <span class='ocrx_word' id='word_1_91' title='bbox 2147 1700 2341 1766; x_wconf 70' lang='lat' dir='ltr'>Etudes</span> 
     </span>
     <span class='ocr_line' id='line_1_15' title="bbox 378 1812 1263 1877; baseline 0.005 -18"><span class='ocrx_word' id='word_1_92' title='bbox 378 1823 619 1874; x_wconf 79' lang='lat' dir='ltr'>grecqaes</span> <span class='ocrx_word' id='word_1_93' title='bbox 654 1813 683 1860; x_wconf 84' lang='lat'><strong>5</strong></span> <span class='ocrx_word' id='word_1_94' title='bbox 722 1812 894 1877; x_wconf 82' lang='lat'>(1903)</span> <span class='ocrx_word' id='word_1_95' title='bbox 933 1827 979 1877; x_wconf 91' lang='lat' dir='ltr'>p.</span> <span class='ocrx_word' id='word_1_96' title='bbox 1023 1813 1115 1862; x_wconf 86' lang='lat'>139</span> <span class='ocrx_word' id='word_1_97' title='bbox 1151 1827 1263 1877; x_wconf 86' lang='lat' dir='ltr'><strong>sqq.</strong></span> 
     </span>
    </p>

    <p class='ocr_par' dir='ltr' id='par_1_8' title="bbox 385 1905 2339 2069">
     <span class='ocr_line' id='line_1_16' title="bbox 453 1905 2339 1974; baseline -0.002 -13"><span class='ocrx_word' id='word_1_98' title='bbox 453 1905 806 1961; x_wconf 80' lang='lat' dir='ltr'>Recentiorum</span> <span class='ocrx_word' id='word_1_99' title='bbox 833 1908 1137 1974; x_wconf 89' lang='lat' dir='ltr'>scriptorum</span> <span class='ocrx_word' id='word_1_100' title='bbox 1163 1924 1337 1974; x_wconf 89' lang='lat' dir='ltr'>opera,</span> <span class='ocrx_word' id='word_1_101' title='bbox 1364 1912 1613 1974; x_wconf 90' lang='lat' dir='ltr'>quatenus</span> <span class='ocrx_word' id='word_1_102' title='bbox 1636 1908 1700 1959; x_wconf 91' lang='lat' dir='ltr'>ad</span> <span class='ocrx_word' id='word_1_103' title='bbox 1724 1911 1954 1959; x_wconf 89' lang='lat' dir='ltr'>nostrum</span> <span class='ocrx_word' id='word_1_104' title='bbox 1980 1909 2339 1972; x_wconf 86' lang='lat' dir='ltr'>argumentum</span> 
     </span>
     <span class='ocr_line' id='line_1_17' title="bbox 385 2003 1572 2069; baseline 0.003 -17"><span class='ocrx_word' id='word_1_105' title='bbox 385 2007 628 2067; x_wconf 85' lang='lat' dir='ltr'>spectant,</span> <span class='ocrx_word' id='word_1_106' title='bbox 667 2003 718 2053; x_wconf 92' lang='lat' dir='ltr'>in</span> <span class='ocrx_word' id='word_1_107' title='bbox 755 2003 970 2068; x_wconf 86' lang='lat' dir='ltr'>singulis</span> <span class='ocrx_word' id='word_1_108' title='bbox 1005 2004 1252 2069; x_wconf 85' lang='lat' dir='ltr'>capitibus</span> <span class='ocrx_word' id='word_1_109' title='bbox 1285 2004 1572 2055; x_wconf 84' lang='lat' dir='ltr'>afferentur.</span> 
     </span>
    </p>
   </div>
   <div class='ocr_carea' id='block_1_3' title="bbox 387 2189 2350 3320">
    <p class='ocr_par' dir='ltr' id='par_1_9' title="bbox 387 2189 2345 2438">
     <span class='ocr_line' id='line_1_18' title="bbox 455 2189 2344 2258; baseline 0.001 -18"><span class='ocrx_word' id='word_1_110' title='bbox 455 2189 576 2241; x_wconf 89' lang='lat' dir='ltr'>Duo</span> <span class='ocrx_word' id='word_1_111' title='bbox 623 2197 789 2241; x_wconf 90' lang='lat' dir='ltr'>autem</span> <span class='ocrx_word' id='word_1_112' title='bbox 827 2196 946 2242; x_wconf 88' lang='lat' dir='ltr'>sunt</span> <span class='ocrx_word' id='word_1_113' title='bbox 979 2207 1165 2257; x_wconf 86' lang='lat' dir='ltr'>genera</span> <span class='ocrx_word' id='word_1_114' title='bbox 1199 2207 1535 2258; x_wconf 89' lang='lat' dir='ltr'>papyrorum:</span> <span class='ocrx_word' id='word_1_115' title='bbox 1574 2192 1749 2258; x_wconf 87' lang='lat' dir='ltr'>papyri</span> <span class='ocrx_word' id='word_1_116' title='bbox 1797 2194 2129 2244; x_wconf 88' lang='lat' dir='ltr'>monumenta</span> <span class='ocrx_word' id='word_1_117' title='bbox 2164 2190 2344 2242; x_wconf 83' lang='lat' dir='ltr'>littera-</span> 
     </span>
     <span class='ocr_line' id='line_1_19' title="bbox 387 2287 2345 2354; baseline 0.002 -20"><span class='ocrx_word' id='word_1_118' title='bbox 387 2300 500 2335; x_wconf 86' lang='lat' dir='ltr'>rum</span> <span class='ocrx_word' id='word_1_119' title='bbox 527 2287 839 2338; x_wconf 78' lang='lat' dir='ltr'>continentes</span> <span class='ocrx_word' id='word_1_120' title='bbox 875 2291 922 2338; x_wconf 89' lang='lat' dir='ltr'>et</span> <span class='ocrx_word' id='word_1_121' title='bbox 955 2291 1060 2339; x_wconf 86' lang='lat' dir='ltr'>acta</span> <span class='ocrx_word' id='word_1_122' title='bbox 1093 2288 1200 2339; x_wconf 88' lang='lat' dir='ltr'>sive</span> <span class='ocrx_word' id='word_1_123' title='bbox 1236 2288 1536 2354; x_wconf 88' lang='lat' dir='ltr'>diplomata;</span> <span class='ocrx_word' id='word_1_124' title='bbox 1573 2303 1823 2354; x_wconf 85' lang='lat' dir='ltr'>quorum,</span> <span class='ocrx_word' id='word_1_125' title='bbox 1861 2291 1916 2339; x_wconf 90' lang='lat' dir='ltr'>ut</span> <span class='ocrx_word' id='word_1_126' title='bbox 1950 2302 2040 2354; x_wconf 89' lang='lat' dir='ltr'>par</span> <span class='ocrx_word' id='word_1_127' title='bbox 2074 2290 2171 2350; x_wconf 90' lang='lat' dir='ltr'>est,</span> <span class='ocrx_word' id='word_1_128' title='bbox 2220 2287 2345 2338; x_wconf 86' lang='lat' dir='ltr'>haec</span> 
     </span>
     <span class='ocr_line' id='line_1_20' title="bbox 387 2382 1888 2438; baseline 0.004 -6"><span class='ocrx_word' id='word_1_129' title='bbox 387 2382 494 2433; x_wconf 89' lang='lat' dir='ltr'>sola</span> <span class='ocrx_word' id='word_1_130' title='bbox 528 2399 556 2433; x_wconf 89' lang='lat' dir='ltr'>a</span> <span class='ocrx_word' id='word_1_131' title='bbox 592 2383 743 2435; x_wconf 89' lang='lat' dir='ltr'>nobis</span> <span class='ocrx_word' id='word_1_132' title='bbox 779 2387 896 2434; x_wconf 86' lang='lat' dir='ltr'>sunt</span> <span class='ocrx_word' id='word_1_133' title='bbox 930 2383 1168 2436; x_wconf 88' lang='lat' dir='ltr'>adhibita.</span> <span class='ocrx_word' id='word_1_134' title='bbox 1885 2435 1888 2438; x_wconf 85' lang='lat'>.</span> 
     </span>
    </p>

    <p class='ocr_par' dir='ltr' id='par_1_10' title="bbox 389 2479 2350 3122">
     <span class='ocr_line' id='line_1_21' title="bbox 456 2479 2346 2547; baseline 0.001 -18"><span class='ocrx_word' id='word_1_135' title='bbox 456 2479 614 2530; x_wconf 83' lang='lat' dir='ltr'>Etiam</span> <span class='ocrx_word' id='word_1_136' title='bbox 657 2479 994 2544; x_wconf 86' lang='lat' dir='ltr'>diplomatum</span> <span class='ocrx_word' id='word_1_137' title='bbox 1031 2480 1220 2544; x_wconf 88' lang='lat' dir='ltr'>duplex</span> <span class='ocrx_word' id='word_1_138' title='bbox 1256 2484 1329 2532; x_wconf 83' lang='lat' dir='ltr'>est</span> <span class='ocrx_word' id='word_1_139' title='bbox 1363 2495 1551 2546; x_wconf 89' lang='lat' dir='ltr'>genus:</span> <span class='ocrx_word' id='word_1_140' title='bbox 1600 2480 1876 2547; x_wconf 90' lang='lat' dir='ltr'>diplomata</span> <span class='ocrx_word' id='word_1_141' title='bbox 1910 2480 2113 2547; x_wconf 91' lang='lat' dir='ltr'>publica</span> <span class='ocrx_word' id='word_1_142' title='bbox 2146 2484 2266 2533; x_wconf 90' lang='lat' dir='ltr'>sunt</span> <span class='ocrx_word' id='word_1_143' title='bbox 2299 2484 2346 2532; x_wconf 87' lang='lat' dir='ltr'>et</span> 
     </span>
     <span class='ocr_line' id='line_1_22' title="bbox 389 2575 2344 2643; baseline 0.001 -18"><span class='ocrx_word' id='word_1_144' title='bbox 389 2575 590 2640; x_wconf 87' lang='lat' dir='ltr'>privata.</span> <span class='ocrx_word' id='word_1_145' title='bbox 645 2576 854 2627; x_wconf 83' lang='lat' dir='ltr'>Publica</span> <span class='ocrx_word' id='word_1_146' title='bbox 888 2580 1056 2627; x_wconf 90' lang='lat' dir='ltr'>autem</span> <span class='ocrx_word' id='word_1_147' title='bbox 1104 2582 1222 2628; x_wconf 88' lang='lat' dir='ltr'>sunt</span> <span class='ocrx_word' id='word_1_148' title='bbox 1268 2577 1444 2629; x_wconf 90' lang='lat' dir='ltr'>omnia</span> <span class='ocrx_word' id='word_1_149' title='bbox 1489 2577 1649 2628; x_wconf 89' lang='lat' dir='ltr'>edicta</span> <span class='ocrx_word' id='word_1_150' title='bbox 1691 2577 2096 2642; x_wconf 87' lang='lat' dir='ltr'>magistratuum,</span> <span class='ocrx_word' id='word_1_151' title='bbox 2140 2592 2344 2643; x_wconf 89' lang='lat' dir='ltr'>regum,</span> 
     </span>
     <span class='ocr_line' id='line_1_23' title="bbox 389 2672 2348 2740; baseline 0.001 -19"><span class='ocrx_word' id='word_1_152' title='bbox 389 2672 777 2737; x_wconf 90' lang='lat' dir='ltr'>imperatorum,</span> <span class='ocrx_word' id='word_1_153' title='bbox 827 2673 979 2724; x_wconf 89' lang='lat' dir='ltr'>veluti</span> <span class='ocrx_word' id='word_1_154' title='bbox 1029 2673 1190 2738; x_wconf 82' lang='lat' dir='ltr'>legeS,</span> <span class='ocrx_word' id='word_1_155' title='bbox 1250 2674 1470 2736; x_wconf 86' lang='lat' dir='ltr'>decreta,</span> <span class='ocrx_word' id='word_1_156' title='bbox 1537 2673 1654 2724; x_wconf 90' lang='lat' dir='ltr'>item</span> <span class='ocrx_word' id='word_1_157' title='bbox 1717 2672 2188 2740; x_wconf 79' lang='grc' dir='ltr'><em>ὑπομνηματισμοί</em></span> <span class='ocrx_word' id='word_1_158' title='bbox 2240 2673 2348 2724; x_wconf 89' lang='lat' dir='ltr'>sive</span> 
     </span>
     <span class='ocr_line' id='line_1_24' title="bbox 390 2767 2347 2838; baseline 0.002 -21"><span class='ocrx_word' id='word_1_159' title='bbox 390 2768 763 2832; x_wconf 86' lang='lat' dir='ltr'>ephemerides,</span> <span class='ocrx_word' id='word_1_160' title='bbox 810 2770 1034 2835; x_wconf 87' lang='lat' dir='ltr'>apochae</span> <span class='ocrx_word' id='word_1_161' title='bbox 1070 2771 1325 2836; x_wconf 84' lang='lat' dir='ltr'>vectigalis</span> <span class='ocrx_word' id='word_1_162' title='bbox 1360 2772 1512 2824; x_wconf 88' lang='lat' dir='ltr'>soluti</span> <span class='ocrx_word' id='word_1_163' title='bbox 1549 2774 1648 2835; x_wconf 87' lang='lat' dir='ltr'>cet;</span> <span class='ocrx_word' id='word_1_164' title='bbox 1687 2775 1940 2838; x_wconf 84' lang='lat' dir='ltr'>praeterea</span> <span class='ocrx_word' id='word_1_165' title='bbox 1975 2785 2157 2822; x_wconf 89' lang='lat' dir='ltr'>omnes</span> <span class='ocrx_word' id='word_1_166' title='bbox 2191 2767 2347 2821; x_wconf 87' lang='lat' dir='ltr'>libelli</span> 
     </span>
     <span class='ocr_line' id='line_1_25' title="bbox 390 2865 2347 2934; baseline 0.001 -20"><span class='ocrx_word' id='word_1_167' title='bbox 390 2880 417 2914; x_wconf 85' lang='lat' dir='ltr'>a</span> <span class='ocrx_word' id='word_1_168' title='bbox 453 2865 656 2929; x_wconf 84' lang='lat' dir='ltr'>privatis</span> <span class='ocrx_word' id='word_1_169' title='bbox 682 2866 1079 2931; x_wconf 78' lang='lat' dir='ltr'>magistratibuS,</span> <span class='ocrx_word' id='word_1_170' title='bbox 1117 2868 1349 2933; x_wconf 82' lang='lat' dir='ltr'>regibus,</span> <span class='ocrx_word' id='word_1_171' title='bbox 1388 2865 1780 2934; x_wconf 84' lang='lat' dir='ltr'>imperatoribus</span> <span class='ocrx_word' id='word_1_172' title='bbox 1810 2866 1932 2930; x_wconf 90' lang='lat' dir='ltr'>dati,</span> <span class='ocrx_word' id='word_1_173' title='bbox 1969 2866 2076 2918; x_wconf 86' lang='lat' dir='ltr'>sive</span> <span class='ocrx_word' id='word_1_174' title='bbox 2105 2865 2347 2932; x_wconf 83' lang='grc' dir='ltr'><em>ὑπομνή-</em></span> 
     </span>
     <span class='ocr_line' id='line_1_26' title="bbox 389 2963 2350 3031; baseline 0.001 -19"><span class='ocrx_word' id='word_1_175' title='bbox 389 2963 608 3026; x_wconf 77' lang='grc' dir='ltr'>ματοςΙ)</span> <span class='ocrx_word' id='word_1_176' title='bbox 663 2966 768 3014; x_wconf 87' lang='lat' dir='ltr'>sive</span> <span class='ocrx_word' id='word_1_177' title='bbox 816 2963 1109 3030; x_wconf 85' lang='lat' dir='ltr'>epistolae2)</span> <span class='ocrx_word' id='word_1_178' title='bbox 1157 2965 1323 3017; x_wconf 86' lang='lat' dir='ltr'>forma</span> <span class='ocrx_word' id='word_1_179' title='bbox 1370 2965 1598 3031; x_wconf 86' lang='lat' dir='ltr'>concepti</span> <span class='ocrx_word' id='word_1_180' title='bbox 1645 2967 1786 3027; x_wconf 88' lang='lat' dir='ltr'>sunt,</span> <span class='ocrx_word' id='word_1_181' title='bbox 1842 2964 1958 3015; x_wconf 87' lang='lat' dir='ltr'>item</span> <span class='ocrx_word' id='word_1_182' title='bbox 2008 2963 2350 3029; x_wconf 83' lang='lat' dir='ltr'>professiones</span> 
     </span>
     <span class='ocr_line' id='line_1_27' title="bbox 391 3060 1118 3122; baseline 0.004 -14"><span class='ocrx_word' id='word_1_183' title='bbox 391 3073 725 3122; x_wconf 89' lang='lat' dir='ltr'>personarum</span> <span class='ocrx_word' id='word_1_184' title='bbox 763 3064 810 3110; x_wconf 91' lang='lat' dir='ltr'>et</span> <span class='ocrx_word' id='word_1_185' title='bbox 845 3060 1118 3113; x_wconf 90' lang='lat' dir='ltr'>bonorum.</span> 
     </span>
    </p>

    <p class='ocr_par' dir='ltr' id='par_1_11' title="bbox 394 3154 2350 3320">
     <span class='ocr_line' id='line_1_28' title="bbox 462 3154 2350 3224; baseline 0.001 -20"><span class='ocrx_word' id='word_1_186' title='bbox 462 3155 659 3206; x_wconf 80' lang='lat' dir='ltr'>Privata</span> <span class='ocrx_word' id='word_1_187' title='bbox 704 3172 825 3207; x_wconf 88' lang='lat' dir='ltr'>vero</span> <span class='ocrx_word' id='word_1_188' title='bbox 873 3161 991 3209; x_wconf 90' lang='lat' dir='ltr'>sunt</span> <span class='ocrx_word' id='word_1_189' title='bbox 1037 3158 1314 3224; x_wconf 88' lang='lat' dir='ltr'>diplomata</span> <span class='ocrx_word' id='word_1_190' title='bbox 1360 3159 1411 3209; x_wconf 91' lang='lat' dir='ltr'>in</span> <span class='ocrx_word' id='word_1_191' title='bbox 1449 3158 1638 3223; x_wconf 90' lang='lat' dir='ltr'>quibus</span> <span class='ocrx_word' id='word_1_192' title='bbox 1673 3161 1720 3208; x_wconf 86' lang='lat' dir='ltr'>et</span> <span class='ocrx_word' id='word_1_193' title='bbox 1755 3157 1822 3220; x_wconf 92' lang='lat' dir='ltr'>is,</span> <span class='ocrx_word' id='word_1_194' title='bbox 1869 3155 1958 3221; x_wconf 89' lang='lat' dir='ltr'>qui</span> <span class='ocrx_word' id='word_1_195' title='bbox 1994 3155 2167 3207; x_wconf 89' lang='lat' dir='ltr'>scribit</span> <span class='ocrx_word' id='word_1_196' title='bbox 2201 3157 2249 3206; x_wconf 82' lang='lat' dir='ltr'>et</span> <span class='ocrx_word' id='word_1_197' title='bbox 2283 3154 2350 3216; x_wconf 81' lang='lat' dir='ltr'>is,</span> 
     </span>
     <span class='ocr_line' id='line_1_29' title="bbox 394 3251 1954 3320; baseline 0.001 -19"><span class='ocrx_word' id='word_1_198' title='bbox 394 3251 472 3301; x_wconf 90' lang='lat' dir='ltr'>cui</span> <span class='ocrx_word' id='word_1_199' title='bbox 510 3251 768 3315; x_wconf 88' lang='lat' dir='ltr'>scribitur,</span> <span class='ocrx_word' id='word_1_200' title='bbox 807 3253 983 3318; x_wconf 90' lang='lat' dir='ltr'>privati</span> <span class='ocrx_word' id='word_1_201' title='bbox 1021 3258 1162 3317; x_wconf 86' lang='lat' dir='ltr'>sunt,</span> <span class='ocrx_word' id='word_1_202' title='bbox 1200 3254 1353 3305; x_wconf 86' lang='lat' dir='ltr'>veluti</span> <span class='ocrx_word' id='word_1_203' title='bbox 1389 3258 1554 3320; x_wconf 85' lang='lat' dir='ltr'>pacta,</span> <span class='ocrx_word' id='word_1_204' title='bbox 1591 3253 1831 3319; x_wconf 90' lang='lat' dir='ltr'>epistolae</span> <span class='ocrx_word' id='word_1_205' title='bbox 1865 3256 1954 3304; x_wconf 89' lang='lat' dir='ltr'>cet.</span> 
     </span>
    </p>
   </div>
   <div class='ocr_carea' id='block_1_4' title="bbox 395 3347 2351 3497">
    <p class='ocr_par' dir='ltr' id='par_1_12' title="bbox 395 3347 2351 3497">
     <span class='ocr_line' id='line_1_30' title="bbox 461 3347 2351 3415; baseline 0 -17"><span class='ocrx_word' id='word_1_206' title='bbox 461 3348 628 3399; x_wconf 89' lang='lat' dir='ltr'>Nobis</span> <span class='ocrx_word' id='word_1_207' title='bbox 664 3353 718 3399; x_wconf 89' lang='lat' dir='ltr'>ut</span> <span class='ocrx_word' id='word_1_208' title='bbox 752 3354 1147 3401; x_wconf 87' lang='lat' dir='ltr'>consentaneum</span> <span class='ocrx_word' id='word_1_209' title='bbox 1185 3354 1258 3401; x_wconf 88' lang='lat' dir='ltr'>est</span> <span class='ocrx_word' id='word_1_210' title='bbox 1290 3349 1627 3415; x_wconf 87' lang='lat' dir='ltr'>diplomatum</span> <span class='ocrx_word' id='word_1_211' title='bbox 1658 3352 1850 3400; x_wconf 89' lang='lat' dir='ltr'>tantum</span> <span class='ocrx_word' id='word_1_212' title='bbox 1877 3347 2199 3413; x_wconf 90' lang='lat' dir='ltr'>publicorum</span> <span class='ocrx_word' id='word_1_213' title='bbox 2225 3348 2351 3399; x_wconf 89' lang='lat' dir='ltr'>ratio</span> 
     </span>
     <span class='ocr_line' id='line_1_31' title="bbox 395 3445 749 3497; baseline 0.006 -3"><span class='ocrx_word' id='word_1_214' title='bbox 395 3445 630 3495; x_wconf 89' lang='lat' dir='ltr'>habenda</span> <span class='ocrx_word' id='word_1_215' title='bbox 665 3449 749 3497; x_wconf 87' lang='lat' dir='ltr'>est.</span> 
     </span>
    </p>
   </div>
   <div class='ocr_carea' id='block_1_5' title="bbox 452 3667 1654 3802">
    <p class='ocr_par' dir='ltr' id='par_1_13' title="bbox 452 3667 1654 3802">
     <span class='ocr_line' id='line_1_32' title="bbox 452 3667 1654 3724; baseline -0.002 -13"><span class='ocrx_word' id='word_1_216' title='bbox 452 3669 486 3720; x_wconf 76' lang='grc'>1)</span> <span class='ocrx_word' id='word_1_217' title='bbox 521 3668 786 3724; x_wconf 59' lang='grc' dir='ltr'><em>Ἱ·’πόμνημα</em></span> <span class='ocrx_word' id='word_1_218' title='bbox 818 3671 984 3721; x_wconf 85' lang='lat' dir='ltr'>incipit:</span> <span class='ocrx_word' id='word_1_219' title='bbox 1017 3674 1079 3722; x_wconf 78' lang='grc' dir='ltr'>τῷ</span> <span class='ocrx_word' id='word_1_220' title='bbox 1109 3668 1215 3711; x_wconf 80' lang='grc' dir='ltr'><em>δεῖνι</em></span> <span class='ocrx_word' id='word_1_221' title='bbox 1245 3667 1365 3723; x_wconf 78' lang='grc' dir='ltr'><strong><em>παρὰ</em></strong></span> <span class='ocrx_word' id='word_1_222' title='bbox 1395 3673 1471 3710; x_wconf 81' lang='grc' dir='ltr'>τοῦ</span> <span class='ocrx_word' id='word_1_223' title='bbox 1502 3668 1654 3714; x_wconf 84' lang='grc' dir='ltr'><strong><em>δεῖνος.</em></strong></span> 
     </span>
     <span class='ocr_line' id='line_1_33' title="bbox 452 3747 1361 3802; baseline 0 -14"><span class='ocrx_word' id='word_1_224' title='bbox 452 3748 487 3798; x_wconf 81' lang='lat'>2)</span> <span class='ocrx_word' id='word_1_225' title='bbox 532 3749 715 3799; x_wconf 82' lang='lat' dir='ltr'>Epistola</span> <span class='ocrx_word' id='word_1_226' title='bbox 744 3749 909 3799; x_wconf 84' lang='lat' dir='ltr'>incipit:</span> <span class='ocrx_word' id='word_1_227' title='bbox 949 3747 974 3789; x_wconf 86' lang='grc' dir='ltr'>ὁ</span> <span class='ocrx_word' id='word_1_228' title='bbox 1001 3747 1120 3790; x_wconf 82' lang='grc' dir='ltr'><em>δεῖνα</em></span> <span class='ocrx_word' id='word_1_229' title='bbox 1149 3753 1211 3802; x_wconf 82' lang='grc' dir='ltr'>τῷ</span> <span class='ocrx_word' id='word_1_230' title='bbox 1241 3747 1361 3789; x_wconf 81' lang='grc' dir='ltr'><em>δεῖνι.</em></span> 
     </span>
    </p>
   </div>
  </div>
 </body>
</html>
