2612 4412
1377 377 1440 427 84

432 528 713 595 ἐπιδίδωμι
758 529 881 595 ὑμῖν
927 529 1019 596 τὴν
1063 530 1445 596 προσαγγελίαν
1491 530 1642 587 ὅπως
1689 530 1740 582 οἷ
1779 531 1927 582 αἴτιοι
1971 530 2382 599 ἄναζητηθέντες

431 624 822 684 ἕξαποσταλῶσι
857 624 941 676 ἐπὶ
968 624 1057 676 τὸν
1085 625 1399 692 στρατηγὸν,
1435 626 1525 676 καὶ
1553 625 1673 692 ἐμοὶ
1698 626 1797 692 μὲν
1827 625 1954 691 <τὰ>
1967 627 2008 692 l)
2040 625 2379 696 ὅιαπεφωνη-

428 721 562 787 μένα
599 720 1078 788 ἀποκατασταθείη,
1116 722 1167 773 οἶ
1201 721 1259 773 δὲ
1288 722 1435 773 αἴτιοι
1458 722 1654 789 τύχωσι
1677 725 1783 773 τῶν
1806 722 2311 781 ἕξακολουθούντων
2321 725 2381 790 2).

497 818 686 882 Magna
737 832 867 882 quae
919 820 1058 868 erant
1103 817 1155 867 in
1202 816 1433 883 Aegypto
1491 817 1676 883 templa
1722 817 2084 883 phylacitarum
2129 819 2382 884 praesidio

431 912 626 963 munita
659 911 815 963 fuisse
850 927 956 964 non
993 915 1066 963 est
1100 913 1242 978 quod
1280 913 1545 978 miremur;
1595 913 1782 979 templa
1815 913 1978 977 enim,
2026 913 2218 980 quippe
2250 929 2381 982 quae

427 1008 493 1060 ab
539 1007 837 1059 hominibus
883 1007 1132 1073 religiosis
1167 1009 1560 1072 celebrarentur,
1607 1009 1753 1061 etiam
1791 1009 1900 1061 loca
1933 1013 2074 1061 erant
2105 1025 2212 1076 quo
2245 1009 2381 1064 vilis-

427 1104 588 1156 simus
623 1104 841 1169 quisque
864 1104 1038 1155 venire
1060 1104 1267 1156 solebat.
1302 1104 1402 1157 Sed
1428 1105 1556 1156 inter
1578 1105 1850 1172 phylacitas
1873 1109 1921 1157 et
1943 1105 2228 1158 sacerdotes
2249 1105 2381 1160 'rixas

427 1214 636 1266 quoque
688 1214 1080 1265 nonnumquam
1132 1199 1289 1252 fuisse
1339 1200 1570 1266 legimus.
1648 1200 1731 1252 Sic
1781 1201 2087 1267 Onnophris
2146 1201 2382 1256 sacerdos

426 1296 793 1347 Arembasnem
831 1299 879 1347 et
913 1295 1206 1346 Pachratem
1241 1295 1440 1359 fratres,
1477 1295 1786 1363 φυλ]ακίτας
1820 1297 1879 1347 ἐκ
1909 1300 2000 1348 τοῦ
2025 1297 2093 1363 ἐμ
2120 1296 2382 1365 [ΜέμφῙει

418 1391 759 1458 Ἀφροδισίου
771 1393 841 1456 3),
887 1397 1085 1443 accusat
1126 1390 1268 1457 quod
1305 1391 1415 1443 loca
1447 1392 1707 1444 interdicta
1742 1392 1954 1458 ingressi
1989 1408 2044 1445 se
2077 1393 2379 1446 vexaverint.

428 1488 548 1539 Item
594 1487 724 1553 Pap.
759 1487 927 1538 Paris,
974 1489 1039 1538 35
1085 1490 1132 1538 et
1174 1488 1239 1538 37
1285 1487 1484 1540 libellos
1529 1503 1559 1538 a
1605 1488 1897 1540 Ptolemaeo
1929 1488 2156 1554 quodam
2191 1489 2297 1555 regi
2331 1493 2382 1543 et

426 1587 642 1649 stratego
687 1584 818 1634 hanc
863 1582 933 1635 ob
979 1598 1181 1634 causam
1228 1583 1426 1635 oblatos
1461 1585 1742 1647 continent,
1790 1584 1932 1650 quod
1968 1584 2380 1653 ἂρχιφυλακίτης

426 1680 481 1731 ἒν
516 1683 610 1731 τῶι
639 1679 1015 1745 Ἆνουβιείωι4)
1052 1679 1324 1744 templum,
1361 1694 1510 1731 causa
1544 1679 1837 1746 interposita
1869 1696 2009 1732 arma
2038 1680 2108 1732 ibi
2137 1681 2380 1734 occultata

425 1791 557 1840 esse,
612 1776 871 1842 irruperit,
923 1775 1127 1838 Amosi,
1179 1780 1256 1841 τῷ
1306 1775 1452 1841 παρὰ
1504 1780 1596 1827 τοῦ
1649 1775 1962 1843 ἀρχιερέως,
2016 1780 2064 1828 et
2117 1777 2379 1845 phylacitis

423 1855 685 1925 nonnullis
718 1870 1090 1922 adiuvantibus

1312 2007 1490 2015 ——-—-.

492 2147 672 2198 Paucis
707 2146 807 2198 hoc
840 2146 954 2198 loco
989 2161 1201 2211 agamus
1235 2145 1300 2197 de
1334 2145 1509 2197 ceteris
1543 2145 1738 2213 κώμης
1766 2145 2007 2199 ministris
2037 2147 2267 2214 publiciS.
2303 2149 2378 2201 Ex

419 2242 550 2308 Pap.
594 2242 721 2294 Tebt.
758 2242 888 2293 inter
922 2240 1287 2293 Cerceosiridis
1321 2241 1417 2292 vici
1453 2241 1717 2294 cleruchos
1751 2245 1945 2308 praeter
1978 2246 2078 2295 tres
2106 2243 2378 2312 phylacitas

420 2342 520 2391 tres
549 2337 969 2405 ε’ρημοφύλακας
980 2338 1050 2402 5),
1087 2336 1221 2389 duos
1245 2336 1559 2403 ἓφόὸουςὸ),
1596 2352 1757 2389 unum
1782 2338 2197 2406 χερσέφιππονὸ)
2220 2339 2378 2394 fuisse

420 2434 679 2487 discimus,
730 2433 835 2487 Ubi
870 2433 997 2485 alios
1032 2433 1179 2484 etiam
1217 2433 1476 2485 ministros
1511 2434 1742 2500 publicos
1766 2433 1923 2486 fuisse
1947 2435 1998 2486 in
2022 2435 2376 2490 cleruchorum

420 2546 637 2583 numero
674 2545 780 2582 non
817 2530 998 2582 relatos
1033 2532 1225 2581 certum
1263 2533 1348 2581 est.
1388 2529 1468 2581 De
1502 2545 1682 2582 eorum
1714 2530 2014 2583 muneribus
2042 2532 2218 2599 papyri
2249 2532 2376 2585 nihil

419 2628 628 2691 docent,
681 2627 771 2679 sed
819 2626 1032 2678 nomina
1078 2626 1428 2678 demonstrant
1471 2626 1868 2694 ἓρημοφύλαξιν
1912 2630 1960 2679 et
2002 2628 2377 2696 χερσεφίπποις

420 2724 704 2775 iniunctum
758 2723 916 2775 fuisse
968 2726 1023 2774 ut
1075 2723 1186 2775 loca
1237 2723 1422 2775 inculta
1473 2723 1793 2789 desertaque,
1846 2739 1977 2790 quae
2027 2724 2156 2777 circa
2205 2725 2374 2778 vicum

420 2823 583 2884 erant,
619 2819 953 2883 custodirent,
990 2819 1042 2870 hi
1068 2834 1203 2885 equo
1228 2819 1528 2883 insidentes,
1565 2819 1635 2870 illi
1661 2820 1880 2886 pedibus
1903 2823 2092 2873 euntes.
2127 2820 2373 2890 Χερσέφ-

419 2936 568 2968 ιπποι
604 2916 821 2968 conferri
853 2919 1069 2982 possunt
1091 2931 1208 2968 cum
1246 2915 1488 2968 ministris
1511 2915 1729 2982 publicis
1763 2932 1896 2982 quos
1931 2932 2027 2969 nos
2061 2917 2376 2985 appellamus

422 3013 873 3067 „mareclzaasse'e'st
929 3012 1078 3074 Quae
1130 3011 1349 3079 ἐφόδων
1401 3027 1614 3064 munera
1663 3013 1851 3064 fuerint
1901 3029 1961 3065 ex
2013 3014 2217 3081 papyris
2266 3029 2372 3068 non

418 3195 684 3202 ———-—

473 3325 509 3376 1)
569 3326 630 3366 Ita
660 3326 913 3367 Wilckenius
942 3327 1108 3378 supplet
1136 3327 1304 3379 (Archiv
1332 3328 1359 3368 l.
1390 3327 1447 3379 l.).

473 3403 510 3453 2)
565 3404 677 3455 Pap.
707 3404 894 3449 Reinaclz
927 3406 986 3445 17.

474 3480 509 3531 3)
566 3482 678 3532 Pap.
708 3482 849 3523 Paris.
882 3484 952 3532 11,
982 3485 1047 3523 21.

472 3558 507 3608 4)
563 3559 614 3599 V.
643 3560 682 3600 6.

472 3634 508 3686 5)
565 3636 633 3677 Cf.
663 3638 775 3689 Pap.
812 3638 921 3678 Tebt.
955 3638 1137 3679 Indicem
1166 3639 1215 3679 V.

472 3715 507 3765 6)
565 3714 632 3756 Cf.
666 3716 822 3757 ibidem
855 3717 1038 3758 Indicem
1068 3717 1136 3758 VI.
