2612 4412
1371 379 1435 428 70

528 592 572 640 4.
642 590 726 641 De
758 591 1049 642 muneribus
1084 606 1216 656 qaae
1242 592 1498 657 pertinent
1527 592 1602 642 ad
1633 591 1959 656 disciplinam
1989 591 2262 656 publicam.

491 766 825 818 Comarcham
876 768 936 818 llI
984 771 1097 819 ante
1144 767 1203 819 C.
1250 767 1451 819 saeculo
1495 767 1631 818 idem
1669 767 1986 818 coercitionis
2022 767 2101 819 ius
2136 768 2375 821 habuisse

423 862 694 914 verisimile
740 867 836 926 est,
883 862 1025 929 quod
1072 868 1534 930 κωμογραμματεῖ
1565 864 1603 914 11
1640 878 1766 914 saec.
1802 863 1959 914 fuisse
1994 862 2147 929 supra
2169 864 2210 929 1)
2247 863 2375 916 vidi-

423 973 552 1010 mus.
605 959 748 1019 Quin
795 959 942 1010 etiam
988 960 1286 1026 ampliorem
1333 960 1377 1010 ei
1425 963 1716 1026 pote-statem
1765 959 1921 1011 fuisse
1958 959 2189 1025 Papyrus
2219 961 2375 1026 Mag-

424 1055 545 1104 dola
578 1055 619 1119 2)
673 1055 958 1120 significare
1008 1057 1236 1119 videtur,
1295 1057 1383 1108 ubi
1438 1056 1619 1106 mulier
1669 1056 1917 1121 quaedam
1973 1055 2378 1122 Heracleopolita

426 1150 599 1202 libello
635 1152 740 1216 regi
775 1151 893 1203 dato
929 1152 993 1203 de
1022 1151 1356 1219 Ὀξορύγχου
1392 1153 1487 1204 vici
1525 1153 1735 1203 muliere
1770 1156 1968 1218 questa,
2017 1168 2148 1218 quae
2184 1152 2235 1204 in
2271 1152 2377 1205 bal-
2432 1200 2447 1218 ἶ,
2488 1224 2504 1228 „

427 1247 535 1298 neis
582 1248 790 1298 lavatam
838 1249 1135 1300 verberibus
1181 1265 1235 1300 se
1277 1249 1520 1311 affecerit,
1568 1250 1641 1300 sic
1675 1249 1860 1314 pergit:
1906 1248 2090 1314 [Metel
2129 1241 2378 1300 δὲ’ταῢτα

424 1344 829 1411 καταβοησάσης
858 1364 965 1410 μου
1001 1344 1272 1411 Πετοσίρει
1302 1349 1394 1396 τῶι
1423 1346 1735 1412 κωμάρχηι,
1771 1345 1890 1410 περὶ
1919 1345 2118 1396 τούτων
2148 1342 2377 1411 ἀνακλη-

427 1439 578 1490 ὓεῖσα
625 1441 656 1506 ἡ
713 1439 1011 1506 &edomate
1055 1441 1144 1491 καὶ
1189 1444 1409 1508 προσφ[
1544 1443 1681 1505 „laon
1719 1442 1881 1493 αὖτῶι
1918 1441 2065 1493 ὅποτ’
2100 1440 2379 1508 ἠβούλετο,

428 1537 760 1602 συμποιήσας
794 1537 943 1604 αὕτῆι
980 1538 1009 1588 ὁ
1045 1537 1343 1604 κωμάρχης
1376 1538 1770 1603 προσαπώσατό
1805 1558 1873 1604 με
1909 1539 1980 1595 εἰς
2014 1538 2106 1605 τὴν
2136 1537 2382 1604 φυλακὴν

427 1631 516 1681 καὶ
563 1632 808 1700 σύνεσχεν
844 1634 930 1700 ἐφ’
965 1635 1167 1700 ἡμέρας
1202 1634 1469 1699 «ξ’[νὸε]κ[α
1506 1635 1636 1697 ἕως]
1670 1639 1761 1686 τοῦ
1798 1635 2014 1700 ἔγόῦσαί
2043 1654 2112 1701 με
2147 1635 2177 1685 ὃ
2211 1653 2381 1700 περιε-

428 1727 700 1795 βεβλήιιιην
753 1730 956 1795 ἱμάτιον
1007 1731 1155 1790 ἄξιον
1203 1731 1505 1798 (δραχμῶν)
1554 1731 1601 1782 κ’
1649 1732 1738 1782 καὶ
1784 1732 1887 1798 ἔχει
1939 1733 1971 1798 ἡ
2020 1731 2380 1798 ἓγκαλουμένη

428 1823 516 1873 καὶ
552 1825 722 1881 οὕτως
757 1825 1024 1893 ὃιεί[θ]ην.

497 1922 683 1973 Mulier
730 1923 882 1987 igitur
927 1924 1194 1989 peregrina
1238 1940 1266 1975 a
1312 1924 1407 1975 vici
1455 1925 1743 1987 comarcha‚
1792 1940 1945 1989 quem
1990 1924 2178 1976 auxilio
2213 1926 2403 1976 contra‘

430 2019 647 2070 incolam
696 2023 957 2071 vexantem
1006 2036 1059 2072 se
1105 2026 1354 2084 vocasset,
1404 2020 1455 2072 in
1503 2035 1748 2072 carcerem
1797 2021 2020 2072 coniecta
2065 2035 2232 2086 neque
2273 2027 2388 2072 ante

430 2113 639 2166 dimissa
684 2120 758 2167 est
802 2132 955 2182 quam
998 2117 1206 2182 pallium
1243 2118 1286 2168 ei
1325 2117 1558 2169 dedisset.
1612 2117 1731 2178 Qua
1766 2133 1818 2168 re
1854 2119 1974 2183 petit
2009 2121 2064 2168 ut
2097 2121 2145 2169 et
2178 2117 2387 2184 pallium

431 2211 527 2263 sibi
564 2213 849 2264 restituatur
870 2215 912 2280 3)
951 2218 998 2265 et
1031 2218 1277 2279 strategus
1312 2214 1377 2265 de
1413 2215 1460 2265 vi
1496 2214 1594 2266 sibi
1630 2214 1762 2264 illata
1796 2214 2015 2280 inquirat
2037 2215 2094 2280 4).

500 2309 573 2359 Ex
619 2310 808 2375 quibus
847 2313 907 2362 111
944 2326 1069 2362 saec.
1113 2312 1431 2363 comarcham
1468 2311 1688 2377 querelis
1722 2311 1848 2362 adiri
1885 2311 2108 2377 potuisse
2143 2309 2208 2362 de
2242 2310 2390 2363 disci-

433 2405 571 2471 plina
606 2407 808 2472 publica
841 2413 1015 2460 vexata
1049 2413 1254 2475 apparet
1276 2410 1333 2474 5).
1387 2409 1559 2470 Quem
1597 2424 1798 2460 causam
1834 2407 2124 2474 inquisitam
2160 2406 2224 2457 ad
2261 2405 2391 2458 iudi-

433 2518 515 2554 ces
568 2508 909 2570 competentes
962 2506 1201 2558 detulisse
1251 2506 1525 2558 verisimile
1576 2510 1676 2568 est,
1731 2520 2042 2571 quamquam
2088 2504 2183 2556 hac
2227 2502 2392 2556 dere

434 2601 609 2667 papyri
646 2605 819 2653 tacent.
866 2603 1106 2655 Petosiris
1140 2617 1261 2654 vero
1295 2603 1563 2655 comarcha
1597 2602 1861 2653 mulierem
1898 2603 2192 2667 querentem
2227 2599 2391 2652 statim

436 2697 487 2747 in
523 2697 724 2749 vincula
759 2699 1039 2762 conicienS,
1087 2715 1180 2751 sua
1214 2702 1455 2766 potestate
1488 2699 1725 2750 abutitur.

496 3181 530 3232 1)
589 3181 632 3221 P.
664 3183 715 3221 50
744 3193 805 3231 sq.

495 3259 531 3310 2)
591 3260 710 3299 Edita
740 3271 764 3299 a
789 3260 1000 3310 Jougueto
1029 3261 1069 3299 et
1100 3258 1314 3298 Lefebvrio
1344 3258 1386 3297 in
1416 3256 1638 3307 Melanges
1665 3255 1812 3295 Nicole
1837 3266 1878 3305 p.
1909 3255 1986 3294 282
2016 3265 2076 3304 sq.

496 3337 532 3387 3)
590 3337 654 3377 De
682 3337 810 3377 modo
840 3348 925 3388 quo
954 3337 1035 3377 hoc
1063 3337 1114 3376 fit
1141 3336 1193 3377 cf.
1224 3337 1349 3386 caput
1376 3335 1426 3375 V.

497 3415 531 3466 4)
588 3413 689 3467 περὶ
718 3411 767 3456 δὲ
797 3411 861 3455 ὧν
890 3411 1206 3455 συντετέλεσται
1235 3412 1297 3459 εἴς
1325 3410 1408 3466 μ[ε
1438 3409 1694 3466 Δι]οφάνην
1723 3412 1765 3463 (i.
1797 3423 1832 3451 e.
1864 3410 2108 3460 strategum)
2145 3407 2396 3462 διαγνῶναι.

499 3493 533 3544 5)
590 3493 711 3533 Tales
749 3493 940 3543 querelae
980 3493 1226 3543 plerumque
1264 3491 1506 3531 deferuntur
1544 3490 1597 3531 ad
1636 3501 1766 3529 unum
1796 3501 1845 3529 ex
1873 3487 2205 3538 magistratibus,
2245 3485 2400 3537 quibus

443 3572 642 3612 securitas
670 3571 839 3621 publica
867 3570 1062 3611 mandata
1090 3571 1163 3610 est.
1194 3569 1275 3620 (De
1303 3569 1368 3609 his
1397 3568 1448 3609 cf.
1481 3568 1617 3619 capita
1645 3565 1888 3618 sequentia).
1919 3566 1988 3607 Sic
2017 3565 2166 3618 mulier
2193 3563 2398 3615 quaedam

447 3650 488 3689 in
529 3650 655 3690 altera
693 3646 904 3699 ἐντεύξει,
945 3660 1051 3699 quae
1090 3648 1143 3688 de
1180 3647 1395 3688 vexatione
1425 3647 1466 3686 in
1497 3646 1658 3686 balneis
1686 3645 1794 3696 agit,
1837 3644 2005 3695 querela
2033 3641 2399 3694 archiphylacitam

444 3739 488 3767 se
517 3727 666 3767 adiisse
696 3730 845 3768 narrat.
874 3726 997 3778 (Pap.
1026 3726 1180 3777 Magd.
1210 3725 1292 3776 33.)
