2612 4412
1354 381 1384 429 8

459 533 628 583 Πάλιν
678 533 784 583 δὀἱ
829 534 1007 598 νομοί,
1057 534 1122 584 ita
1167 534 1371 596 Strabo,
1421 539 1687 600 postquam
1737 536 2022 601 Aegyptum
2068 538 2118 588 in
2157 554 2344 592 nomos

390 629 601 679 divisam
651 644 758 679 esse
805 629 1044 692 narravit,
1093 629 1256 694 τομὰς
1301 630 1458 686 ἄλλοις
1502 632 1679 696 ἔσχον·
1730 633 1800 686 εἷς
1836 631 1936 696 γὰρ
1972 635 2257 701 τοπαρχίας
2292 636 2344 686 οἳ

389 725 612 776 πλεῖστοι
660 725 932 792 διῄρηντο,
980 725 1070 776 καὶ
1113 724 1262 776 αὗται
1301 727 1349 777 δ’
1381 728 1451 783 εἷς
1487 726 1644 783 ἄλλοις
1679 728 1867 792 τομάς·
1917 728 2172 794 ἐλάχισται
2210 729 2258 780 δ’
2289 731 2345 782 αῖ

389 822 614 886 ἄρουραι
661 821 868 887 μερίδες
905 823 960 886 1).
1015 824 1217 874 Nomus
1265 823 1417 887 igitur
1462 823 1656 874 divisus
1703 829 1775 874 est
1822 825 1873 874 in
1920 825 2202 890 toparchias
2236 827 2344 879 sive

390 918 595 974 τόπους.
646 918 805 978 Quod
841 918 904 969 ad
941 918 1203 970 Strabonis
1239 920 1393 970 verba
1428 920 1699 985 plerosque
1735 925 1925 971 tantum
1975 936 2251 974 nomorum
2289 923 2341 974 in

388 1016 669 1080 toparchias
704 1016 898 1068 divisos
937 1016 1093 1068 fuisse
1128 1017 1449 1080 affirmantiS,
1497 1021 1669 1068 auctor
1703 1017 1752 1067 id
1790 1018 1858 1068 ob
1894 1018 2071 1069 oculos
2106 1018 2346 1071 habuisse

388 1109 587 1160 videtur
632 1111 773 1175 quod
822 1112 1055 1162 nonnulli
1104 1112 1246 1163 nomi
1294 1127 1446 1162 unam
1491 1115 1682 1162 tantum
1720 1113 2027 1178 toparchiam
2066 1113 2343 1166 habebant:

388 1207 460 1258 sic
506 1223 693 1258 nomus
742 1209 1116 1260 Perithebaicus
1159 1214 1300 1267 ortus
1342 1213 1443 1260 erat
1487 1225 1547 1260 ex
1590 1224 1692 1260 una
1733 1209 1991 1274 toparchia
2024 1210 2081 1274 2).
2144 1209 2342 1275 Singuli
2406 1246 2412 1253 .

388 1307 555 1354 autem
587 1304 735 1356 τόποι
766 1306 1061 1357 constabant
1089 1322 1116 1356 e
1146 1306 1380 1371 pluribus
1411 1306 1634 1372 κώμαις.
1672 1306 1842 1356 Aetate
1873 1305 2081 1371 quidem
2115 1305 2346 1362 Romana

389 1401 582 1467 κώμης
628 1405 790 1466 partes
838 1402 988 1453 nobis
1035 1407 1183 1454 notae
1229 1406 1347 1453 sunt
1392 1417 1458 1452 sc.
1507 1401 1895 1467 ἀμφοόαρχίαι,
1943 1400 2032 1452 sed
2076 1415 2139 1451 an
2178 1399 2344 1452 Ptole-

389 1498 544 1548 maeis
579 1499 908 1564 regnantibus
943 1499 1040 1549 iam
1078 1499 1287 1561 fuerint,
1325 1499 1417 1549 hac
1451 1498 1516 1549 de
1550 1514 1603 1549 re
1639 1498 1813 1564 papyri
1850 1497 2085 1549 certiores
2116 1512 2212 1549 nos
2236 1510 2342 1548 non

388 1593 589 1644 faciunt.
644 1594 804 1654 Quod
850 1595 913 1645 ad
959 1610 1184 1657 aruram,
1233 1610 1385 1660 quam
1434 1595 1613 1646 Strabo
1662 1594 1924 1644 minimam
1954 1593 2204 1659 'Aegyptii
2247 1592 2343 1645 soli

389 1693 578 1754 partem
626 1690 782 1741 fuisse
828 1691 1080 1756 perhibet,
1131 1706 1236 1742 non
1284 1696 1356 1741 est
1401 1691 1593 1757 κώμης
1641 1706 1754 1755 pars
1800 1690 1889 1741 sed
1935 1705 2195 1752 mensura,
2243 1703 2346 1755 qua

387 1766 718 1851 agri-modus
754 1788 1014 1839 indicatur.

454 1882 685 1948 Aegypto
732 1886 845 1947 toti,
895 1885 1012 1935 item
1062 1885 1359 1950 regionibus
1404 1885 1636 1951 Aegypto
1682 1884 1944 1947 subiectis,
1991 1886 2185 1949 praeest
2230 1898 2342 1946 rex,
2416 1880 2417 1883 ’

388 1979 476 2043 qui
524 1980 768 2032 dominus
803 1985 877 2032 est
910 1981 1145 2032 omnium
1182 1997 1366 2032 rerum.
1415 1982 1550 2032 Cum
1587 1985 1753 2032 autem
1790 1980 2083 2032 Seleucidae
2118 1983 2166 2030 et
2199 1994 2345 2045 reges

390 2075 688 2140 Pergameni
725 2078 921 2128 socium
952 2078 1050 2128 sibi
1079 2077 1143 2128 ad
1169 2078 1414 2129 civitatem
1453 2077 1726 2143 regendam
1763 2077 2088 2139 adsciverint,
2127 2075 2344 2141 Lagidae

388 2171 482 2236 ipsi
518 2172 693 2223 omnia
726 2172 1226 2238 administraverunt;
1264 2175 1372 2226 fisci
1409 2179 1600 2225 tantum
1639 2190 1718 2225 res
1753 2175 1816 2225 ab
1854 2174 1996 2225 initio
2033 2172 2342 2239 magistratui

388 2268 649 2320 mandatae
696 2274 858 2333 erant,
907 2270 986 2320 cui
1035 2285 1226 2321 nomen
1274 2274 1346 2321 est
1394 2269 1658 2337 ὃιοικητής
1692 2270 1799 2321 sive
1835 2270 1865 2320 ὁ
1900 2269 1983 2320 ἐπὶ
2017 2274 2107 2336 τῆς
2143 2268 2342 2335 διοική-

387 2383 548 2424 σεως,
585 2367 672 2431 qui
709 2366 1042 2418 Alexandriae
1076 2367 1249 2418 sedem
1286 2382 1430 2418 suam
1467 2367 1616 2418 habet
1649 2368 1706 2430 3).
1758 2368 1942 2419 Utrum
1980 2369 2173 2432 praeter
2206 2364 2345 2416 hunc

387 2461 437 2511 in
485 2462 754 2528 metropoli
801 2478 1005 2528 quaque
1051 2463 1300 2529 cuiusque
1347 2463 1488 2514 nomi
1535 2463 1787 2514 dioecetae
1833 2462 2043 2524 fuerint,
2091 2460 2344 2514 dioecetae

384 2557 731 2610 Alexandrino
755 2560 987 2624 subiecti,
1020 2576 1179 2612 necne
1208 2561 1441 2613 dubitant
1460 2561 1552 2612 viri
1578 2561 1725 2612 docti.
1747 2561 2010 2613 Omnibus
2032 2557 2344 2625 argumentis

386 2656 649 2720 perpensis
696 2672 832 2707 unus
877 2660 1070 2708 tantum
1118 2657 1343 2709 dioeceta
1382 2657 1538 2709 fuisse
1574 2658 1699 2708 mihi
1735 2657 1946 2708 videtur.
2012 2655 2116 2708 Sed
2155 2655 2194 2705 11
2229 2657 2344 2706 ante
2411 2720 2413 2722 q

387 2750 446 2802 C.
504 2753 705 2804 saeculo
770 2753 941 2819 plures
1004 2754 1372 2821 ὗποὸιοικηταί
1419 2754 1646 2816 fuerunt,
1722 2768 1945 2819 quorum
1999 2748 2216 2818 potestas
2276 2750 2340 2802 ad

385 2848 674 2913 complures
728 2864 913 2901 nomos
959 2851 1249 2915 pertinebat.
1306 2851 1573 2902 Dioecetae
1607 2849 1940 2901 Alexandriae
1973 2848 2159 2899 adsunt
2191 2846 2340 2898 ἐκλο-

441 3172 475 3222 1)
533 3172 704 3221 Strabo,
741 3175 809 3222 17,
845 3176 886 3223 1,
916 3176 953 3214 3.

439 3251 476 3301 2)
532 3250 599 3292 Cf.
631 3251 839 3301 Wilcken‚
871 3251 1141 3292 Actenstiicke
1167 3264 1208 3303 p.
1238 3253 1289 3293 33
1320 3254 1460 3292 annot.
1491 3254 1529 3292 2.

439 3329 475 3379 3)
533 3329 675 3369 Hodie
718 3329 864 3370 eodem
910 3341 1080 3370 munere
1123 3330 1313 3380 fungitur
1357 3330 1622 3380 magistratus
1652 3340 1775 3380 quem
1806 3329 2086 3379 appellamus:
2134 3327 2346 3375 „minister

387 3418 467 3446 van
486 3406 750 3457 financien'&

442 3485 504 3524 De
534 3485 720 3526 dioeceta
748 3488 900 3535 agunt:

440 3562 646 3612 Wilcken,
691 3563 816 3603 ΘΟ.
858 3574 899 3613 p.
939 3565 1018 3604 492
1048 3575 1132 3614 sq.;
1173 3564 1328 3604 Annot.
1369 3563 1422 3604 ad
1461 3563 1567 3613 Pap.
1605 3563 1715 3602 Tebt.
1756 3563 1794 3611 Ι,
1835 3565 1881 3611 5,
1913 3564 1985 3611 27;
2029 3554 2083 3602 Η.
2123 3562 2338 3611 Maspero,

383 3641 462 3680 Les
489 3641 695 3680 Finatzces
724 3642 778 3681 de
802 3631 999 3692 l’Egypte
1023 3653 1125 3681 sous
1154 3641 1212 3681 les
1235 3641 1435 3692 Lagides,
1463 3652 1504 3691 p.
1534 3642 1649 3680 177—
1665 3642 1758 3688 181;
1790 3642 1888 3688 203;
1933 3639 2337 3689 Bouche-Leclercq,

383 3719 495 3758 Hist.
527 3719 568 3758 d.
601 3719 735 3769 Lag„
768 3719 823 3759 111
854 3731 894 3769 p.
926 3721 997 3759 381
1035 3731 1125 3770 sqq.
