2612 4412
1165 387 1223 435 21

217 540 504 595 testimonia
538 540 735 592 desunt.
785 541 870 592 Est
903 540 1111 606 quidem
1147 541 1276 606 Pap.
1315 541 1547 607 Orensell
1581 542 1622 604 I,
1671 543 1735 591 22
1770 542 1965 607 apocha
2000 542 2173 593 decem

216 637 518 691 talentorum
554 637 673 703 περὶ
702 642 792 704 τῆς
819 638 1324 704 τοπογραμματήας,
1362 637 1478 688 item
1504 637 1679 689 decem
1705 638 2005 690 talentorum
2031 637 2177 704 περεὶ

215 739 308 801 τῆς
351 734 871 800 κομογραμματήας;
918 749 1049 800 quae
1082 738 1249 785 tamen
1285 734 1533 800 pertinere
1567 734 1630 784 ad
1669 734 1923 800 impensas
1957 734 2175 785 admini-

215 829 468 883 strationis
503 830 767 896 utriusque
802 830 1120 896 magistratus
1154 829 1440 882 tolerandas
1475 830 1645 896 potius
1681 830 1980 882 crediderim
2017 846 2171 896 quam

213 925 451 978 salarium
510 941 642 990 esse,
704 927 993 992 praesertim
1051 928 1295 993 pecuniae
1339 927 1556 978 summis
1614 927 1750 978 haud
1803 927 2172 979 differentibus.

214 1021 316 1074 Sed
358 1023 878 1089 κωμογραμματέως
913 1038 1126 1074 munera
1159 1027 1232 1075 tot
1265 1026 1500 1089 tantaque
1535 1027 1674 1075 erant
1709 1027 1764 1074 ut
1794 1024 2025 1075 mercede
2054 1039 2171 1075 eum

213 1117 433 1170 caruisse
477 1119 562 1171 vix
607 1122 806 1185 putem,
853 1119 1144 1185 praesertim
1191 1135 1308 1171 cum
1356 1119 1610 1171 interdum
1654 1120 1769 1186 plus
1804 1136 1957 1185 quam
1995 1120 2170 1172 decern

211 1229 377 1267 annos
410 1215 681 1268 continuos
717 1230 906 1266 munus
939 1230 1091 1267 suum
1127 1220 1334 1281 gereret.

281 1310 542 1363 Praeterea
585 1314 739 1363 aetate
775 1312 1006 1368 Romana
1039 1312 1248 1378 vectigal
1272 1316 1379 1376 est,
1428 1313 1570 1378 quod
1606 1312 1951 1378 appellabatur
1987 1312 2170 1379 φιλάν-

212 1406 443 1473 θρωπον
477 1409 1006 1475 κωμογραμματεῖΙ).

277 1503 379 1556 Sed
414 1504 513 1556 iam
549 1507 862 1557 transeamus
895 1505 959 1556 ad
996 1520 1209 1557 munera
1242 1510 1708 1572 κωμογραμματεῖ
1737 1505 1986 1572 imposita.

1152 1751 1229 1801 111.

567 1923 664 1974 De
708 1925 1375 1990 κωμογραμματέως
1420 1924 1812 1975 muneribus.

275 2100 377 2151 lam
419 2115 573 2168 supra
608 2101 737 2153 inter
772 2101 1182 2154 Ptolemaeorum
1218 2101 1556 2168 antiquiorem
1593 2105 1802 2153 aetatem
1823 2105 1886 2163 vet
1920 2102 2166 2167 posterio-

208 2210 315 2247 rem
369 2195 789 2263 distinguendum
845 2213 955 2263 esse
1005 2198 1109 2249 dixi
1123 2217 1135 2263 ;
1190 2199 1251 2249 ΙΙΙ
1306 2197 1442 2249 enim
1494 2202 1608 2249 ante
1655 2197 1714 2250 C.
1768 2198 1969 2250 saeculo
2021 2198 2164 2249 illum

204 2293 502 2345 comarchae
566 2293 850 2359 subjectum
915 2294 1098 2358 fuisse,
1174 2296 1214 2346 11
1277 2295 1479 2346 saeculo
1534 2301 1748 2347 exeunte
1809 2295 2163 2361 antepositum.

202 2387 508 2442 Audiendus
541 2390 696 2457 igitur
729 2389 835 2443 non
855 2395 929 2444 est
950 2391 1331 2455 Hohlweinius,
1362 2391 1451 2458 qui
1476 2391 1541 2444 de
1567 2395 1775 2458 κωμῶν
1800 2391 2162 2457 Aegyptiarum

201 2484 636 2540 administratione
659 2503 839 2553 agens,
876 2488 1397 2555 κωμογραμματέως
1414 2491 1707 2554 potestatem
1728 2503 1928 2554 semper
1952 2487 2163 2539 eandem

201 2581 360 2635 fuisse
382 2582 626 2650 perhibet.
663 2583 904 2636 Similiter
927 2588 1081 2648 errat,
1111 2587 1154 2636 si
1180 2585 1293 2637 licet
1315 2585 1483 2652 parvis
1508 2601 1692 2651 magna
1715 2600 2048 2651 componere,
2074 2586 2162 2650 qui

201 2677 267 2731 de
301 2682 477 2732 senatu
515 2680 749 2738 Romano
785 2681 1063 2745 disserenS,
1101 2686 1395 2749 potestatem
1443 2683 1553 2734 eius
1588 2698 1790 2749 semper
1823 2683 1969 2733 talem
2007 2682 2164 2734 fuisse

200 2775 495 2841 contendat,
537 2778 702 2844 qualis
743 2779 893 2830 fuerit
934 2784 1050 2846 post
1089 2779 1373 2832 secundum
1411 2780 1601 2832 bellum
1641 2779 1910 2831 Punicum.

249 2976 289 3026 l.
341 2975 428 3028 De
458 2979 977 3044 κωμογραμματέως
1013 2979 1306 3031 muneribus
1340 2980 1394 3030 in
1432 2980 1756 3045 vectigalibus
1789 2980 2050 3044 exigendis
2063 2982 2116 3043 2).

267 3130 538 3199 Vectigalia
590 3132 870 3198 instituere,
925 3135 1122 3199 tollere,
1177 3136 1293 3187 item
1344 3136 1596 3200 minuere,
1650 3151 1835 3202 augere
1883 3136 2015 3202 regis
2061 3141 2158 3199 est,

198 3227 346 3300 cuius
379 3227 540 3281 vicem
577 3231 679 3296 agit
713 3231 962 3296 dioeceta;
999 3232 1087 3298 qui
1125 3248 1204 3284 res
1239 3232 1302 3284 ad
1339 3233 1598 3299 vectigalia
1634 3233 1937 3299 pertinentes
1975 3234 2024 3284 in
2057 3233 2158 3285 sin-

198 3395 464 3403 .-,.---.-.

252 3496 290 3549 1)
345 3497 414 3540 Cf.
455 3499 507 3540 B.
550 3498 604 3541 G.
652 3500 702 3541 U.
748 3501 843 3548 199;
885 3503 985 3550 652;
1028 3503 1075 3543 Ρ.
1118 3504 1251 3544 Lond.
1285 3503 1571 3553 CCCXLV11;
1615 3505 1798 3545 Wilcken
1834 3505 1886 3546 G.
1921 3504 1972 3546 Ο.
2005 3516 2045 3556 p.
2078 3507 2149 3545 401

198 3575 239 3628 (§
266 3576 372 3629 211).

251 3653 288 3705 2)
347 3654 411 3696 De
454 3656 726 3708 vectigalibus
768 3657 946 3710 Aegypti
990 3658 1042 3699 cf.
1083 3659 1235 3700 librum
1277 3660 1674 3710 praestantissimum
1718 3661 1900 3702 Udalrici
1944 3660 2154 3709 Wilcken,

201 3731 489 3780 „finit-haecne
517 3733 702 3775 Ostraka
731 3747 814 3776 aas
843 3734 1062 3788 Aegypten
1094 3737 1185 3777 und
1211 3737 1408 3778 Nubien”
1439 3738 1595 3787 (Berlin
1628 3750 1668 3779 u.
1702 3738 1871 3789 Leipzig
1903 3740 2038 3789 1899),
2079 3740 2151 3789 qui
