2612 4412
305 778 466 843 Quod
507 781 586 843 tu,
634 779 916 831 clarissime
962 778 1318 842 BolsSEVAlN,
1361 782 1626 845 promotor
1654 780 2088 843 aestimatissime,
2137 780 2191 830 in

236 890 467 942 oratione
515 892 606 942 tua
658 890 959 955 inaugurali
1002 890 1186 941 dixisti
1228 890 1294 941 de
1336 890 1599 942 titulorum
1645 891 1965 954 tractatione,
2018 891 2193 956 qualis

234 1003 357 1052 tunc
398 1001 636 1067 temporis
677 1002 732 1052 in
761 1001 936 1067 patria
970 1003 1146 1053 nostra
1167 1001 1353 1068 fuerit,
1403 1002 1463 1053 id
1492 1017 1630 1053 nunc
1660 1003 1848 1068 optime
1872 1003 2094 1069 pertinet
2121 1003 2197 1053 ad

230 1126 539 1178 papyrorum
571 1111 815 1162 studium.
855 1112 1006 1176 Quae
1037 1126 1149 1163 cum
1183 1112 1395 1177 ubique,
1430 1113 1526 1164 sed
1551 1113 1802 1179 imprimis
1827 1114 1882 1164 in
1911 1113 2193 1166 Germania

235 1225 287 1274 et
329 1222 631 1286 Britannia,
684 1238 876 1288 magna
926 1238 1038 1274 cum
1090 1223 1347 1275 industria
1394 1224 1499 1275 iam
1549 1224 1732 1290 viginti
1768 1240 1864 1290 per
1903 1240 2073 1276 annos
2119 1225 2192 1275 ita

235 1336 518 1398 tractentur,
556 1337 616 1386 ut
637 1334 914 1400 disciplina
934 1335 1297 1401 papyrologica
1320 1335 1567 1387 historiae
1589 1336 1837 1401 antiquae
1859 1337 2191 1401 cognitionem

234 1459 538 1510 magnopere
569 1445 796 1508 adiuvet,
834 1448 1002 1497 tamen
1031 1448 1284 1497 nostrates
1312 1446 1388 1497 ad
1412 1446 1510 1497 lzoc
1533 1447 1763 1498 studium
1792 1447 2006 1512 aggredi
2032 1462 2195 1512 usque

233 1555 407 1608 adbuc
447 1557 815 1608 dubitaverunt.
871 1557 1047 1621 Quare
1091 1561 1181 1609 tua
1226 1558 1586 1610 adhortatione
1617 1559 1867 1625 firmatus
1912 1560 2010 1610 lzoc
2039 1574 2192 1625 opus-

233 1667 401 1719 culum
433 1669 753 1720 scribendum
787 1669 951 1721 libens
983 1670 1195 1735 suscepi.

302 1779 504 1832 Studiis
548 1781 851 1832 academicis
882 1781 1052 1846 finem
1097 1781 1430 1847 impositurus
1475 1797 1533 1833 ex
1580 1782 1760 1833 intimo
1806 1783 1954 1834 corde
1989 1783 2193 1848 gratias

233 1891 332 1942 tibi
383 1906 484 1957 ago
541 1907 698 1958 quam
753 1893 1006 1944 maximas
1057 1907 1153 1959 pro
1210 1893 1449 1944 omnibus
1506 1894 1610 1945 tuis
1665 1909 1785 1959 erga
1840 1909 1920 1945 me
1968 1894 2189 1957 meritis,

234 2017 452 2069 quorum
507 2003 696 2055 oblivio
747 2019 1029 2070 numquam
1081 2019 1160 2055 me
1209 2005 1383 2070 capiet.
1463 2005 1617 2056 Vobis
1668 2020 1872 2070 quoque
1921 2005 2196 2057 clarissimi

233 2113 468 2178 SPEYER,
504 2129 642 2166 nunc
660 2115 948 2179 LeidensiS,
984 2127 1099 2166 VAN
1128 2116 1550 2179 WAGENINGEN,
1591 2116 1894 2180 HEYMANS,
1932 2116 2189 2180 SYMONS,

233 2239 449 2291 quorum
490 2226 790 2278 lectionibus
823 2227 1030 2292 longius
1063 2227 1262 2278 brevius
1296 2227 1526 2293 inteffui,
1567 2228 1874 2293 permultum
1909 2243 1988 2278 me
2020 2228 2195 2279 debere

225 2339 378 2403 grato
410 2337 586 2389 animo
620 2338 875 2405 confiteor.

308 2448 423 2501 Tibi
452 2452 621 2501 autem
655 2451 937 2502 clarissime
968 2451 1305 2506 VOLLGRAFF
1335 2452 1539 2517 gratias
1573 2467 1672 2518 ago
1702 2468 1798 2518 pro
1827 2452 2189 2515 benevolentia,

231 2575 390 2628 quum
422 2562 556 2614 milii
579 2563 898 2629 praestitisti.

304 2673 517 2726 Utinam
539 2677 591 2740 et
609 2674 726 2739 tibi,
763 2675 1044 2727 clarissime
1067 2675 1282 2739 POLAK,
1323 2676 1432 2728 vivo
1449 2676 1652 2741 gratias
1669 2677 1950 2742 persolvere
1966 2690 2189 2742 possem,

232 2785 378 2837 cuius
423 2786 712 2838 meritorum
756 2801 875 2852 erga
921 2801 1000 2838 me
1040 2787 1282 2838 memoria
1310 2788 1517 2853 penitus
1550 2788 1726 2839 animo
1761 2802 1870 2839 meo
1903 2790 1982 2839 est
2013 2787 2190 2854 infixa.

307 2897 440 2962 Tibi,
493 2898 775 2950 clarissime
822 2899 975 2951 PAUL
1023 2900 1094 2951 M.
1142 2899 1366 2963 MEYER,
1414 2899 1783 2963 Berolinensis,
1831 2914 1865 2950 a
1911 2914 2015 2964 quo
2062 2913 2189 2961 une,

233 3009 495 3075 quidquid
518 3024 634 3062 sum
665 3010 719 3062 in
742 3025 1051 3077 papyrorum
1079 3011 1254 3062 studio
1276 3011 1555 3077 profectum
1584 3026 1663 3062 me
1684 3026 1794 3062 esse
1810 3014 1995 3076 gratus
2003 3010 2189 3077 fateor,

231 3134 429 3187 semper
458 3136 537 3173 me
569 3121 851 3174 devinctum
885 3122 1116 3174 sentiam.
1172 3123 1257 3186 Te,
1307 3123 1544 3188 quamvis
1578 3123 1797 3188 negotiis
1829 3122 2088 3184 obrutum,
2137 3121 2190 3172 in

233 3231 332 3283 lzoc
372 3231 543 3284 libello
588 3233 946 3285 conscribendo
992 3234 1200 3299 optimis
1245 3234 1351 3285 tuis
1395 3234 1626 3285 consiliis
1660 3234 1970 3299 monitisque
2000 3248 2197 3299 semper

233 3341 366 3394 milti
401 3343 664 3408 praesidio
696 3343 891 3410 fuisse,
939 3359 998 3395 ex
1042 3345 1217 3396 animo
1263 3359 1372 3396 meo
1418 3359 1701 3410 numquam
1745 3345 1946 3396 excidet.
2002 3344 2191 3396 Ceteris

233 3467 438 3519 quoque
475 3454 883 3520 praeceptoribus
914 3455 1333 3508 Berolinensibus
1361 3456 1564 3522 gratias
1598 3466 1697 3522 ago
1733 3471 1890 3522 quam
1925 3455 2190 3507 maximas.
