2612 4412
957 1103 1296 1162 CAPUT
1368 1103 1407 1161 Ι.

857 1495 1522 1551 PRAEFATIO.

276 1691 535 1756 Inceptum
589 1692 820 1740 nostrum
875 1688 940 1738 ita
992 1702 1357 1753 persequemur
1410 1691 1465 1738 ut
1518 1688 1616 1739 hoc
1668 1688 1719 1738 in
1773 1688 1932 1753 eapite
1982 1689 2084 1739 orsi
2138 1704 2167 1738 a

204 1785 438 1839 fontibus
491 1785 660 1852 primo
697 1784 915 1836 breviter
966 1799 1283 1850 exponamus
1337 1784 1626 1835 universam
1681 1784 1896 1850 Aegypti
1948 1783 2166 1834 admini-

202 1882 522 1945 strationem,
575 1881 739 1947 qualis
792 1880 943 1931 fuerit
989 1883 1142 1931 aetate
1198 1879 1527 1944 Lagidarum,
1581 1879 1768 1930 deinde
1815 1879 1879 1930 de
1917 1880 2166 1946 Aegyptio

207 1979 323 2032 solo
369 1979 581 2044 eiusque
628 1978 894 2044 partitione
941 1980 1233 2041 tractemuS,
1289 1977 1340 2027 in
1393 1977 1641 2044 capitibus
1687 1979 1785 2029 iam
1836 1979 2167 2043 sequentibus

204 2075 274 2128 de
307 2075 524 2141 singulis
557 2075 751 2142 κώμης
787 2075 1160 2140 magistratibus
1195 2090 1419 2140 agamus.

928 2308 967 2356 1.
1040 2307 1122 2357 DE
1161 2307 1454 2358 Fomissus,

275 2487 508 2555 Aegyptii
545 2487 687 2540 nomi
724 2486 1174 2538 administrationis
1209 2490 1322 2537 ante
1359 2502 1580 2553 papyros
1605 2490 1823 2552 repertas
1849 2486 1953 2538 fere
1978 2487 2168 2538 nullam

206 2583 439 2638 notitiam
475 2583 815 2646 habebamus,
853 2582 1044 2634 nedum
1081 2583 1369 2649 τοπαρχίας
1403 2586 1451 2634 et
1485 2583 1678 2650 κώμης
1713 2598 1843 2648 quae
1878 2587 1996 2634 sunt
2027 2585 2169 2636 nomi

206 2686 389 2750 partes,
462 2680 618 2737 Tituli
677 2679 887 2746 quidem
947 2680 1317 2732 nonnullorum
1373 2681 1757 2746 magistratuum
1811 2682 2022 2733 nomina
2076 2697 2171 2734 nos

206 2777 506 2841 docuerant,
573 2777 663 2829 sed
723 2777 941 2828 multum
990 2777 1160 2828 aberat
1208 2780 1261 2827 ut
1308 2792 1438 2842 quae
1486 2777 1675 2829 fuerint
1726 2794 1904 2830 eorum
1960 2794 2171 2830 munera

205 2875 647 2943 eognovissemus.
703 2876 885 2942 Papyri
923 2875 1132 2926 demum
1171 2875 1250 2926 his
1287 2875 1440 2927 rebus
1478 2876 1649 2926 lumen
1686 2876 1970 2927 attulerunt.

281 2972 512 3039 Papyrus
535 2987 665 3038 quae
690 2974 805 3038 post
824 2974 942 3023 nota
965 2971 1229 3023 volumina
1255 2970 1655 3022 Herculanensia
1679 2971 1901 3038 primum
1929 2973 1979 3023 in
2007 2972 2170 3024 lucem

209 3075 288 3124 est
322 3070 537 3138 prolata,
573 3070 808 3137 Papyras
832 3085 962 3136 quae
987 3069 1168 3121 dicitur
1192 3070 1456 3134 Borgiana
1481 3074 1607 3134 erat,
1646 3071 1790 3122 cuius
1814 3074 2171 3135 argumentum

210 3167 315 3220 iam
367 3166 615 3219 indicatur
666 3166 812 3218 titulo
860 3182 966 3232 quo
1009 3167 1073 3218 ab
1121 3166 1314 3218 editore
1362 3167 1577 3220 Nicolao
1625 3167 1808 3220 Schow
1854 3172 1927 3219 est
1973 3171 2171 3219 ornata:

215 3295 241 3319 *n
251 3264 448 3317 Charta
471 3278 754 3330 papyracea
771 3278 951 3329 graece
966 3265 1154 3330 scr-lpta
1176 3265 1340 3316 masei
1359 3266 1614 3330 Borgicmi
1645 3265 1866 3328 Velitn's,
1899 3281 2003 3330 qua
2020 3266 2174 3317 series

210 3361 498 3414 incolarum
531 3361 871 3412 Ptolemaidis
904 3361 1250 3413 Arsinoiticae
1293 3363 1346 3413 in
1383 3362 1656 3427 aggeribus
1690 3365 1740 3413 et
1757 3362 1927 3428 fossis
1961 3377 2173 3427 operan-

210 3457 343 3510 tium
378 3457 661 3509 exhibetafl’
701 3457 914 3522 (Romae
957 3458 1177 3523 1788)1).
1217 3459 1379 3524 (Pap.
1432 3459 1654 3524 Borg.).

273 3669 309 3721 1)
367 3669 431 3710 De
460 3669 537 3711 hac
575 3678 733 3721 papyro
773 3667 824 3709 cf.
867 3670 1074 3718 Wilcken,
1120 3669 1465 3717 „Observationes
1505 3670 1564 3709 ad
1601 3670 1818 3710 historiam
1860 3668 2045 3720 Aegypti
2074 3680 2173 3719 pro-

219 3747 380 3790 vinclae
406 3746 652 3792 Romanae''
685 3748 810 3799 (Diss.
846 3748 978 3789 Berol.
1014 3748 1127 3793 1885)
1157 3759 1197 3799 p.
1230 3750 1267 3789 5.
1300 3748 1407 3788 Αηη.
1444 3750 1476 3787 1.

1989 3826 2001 3863 l
