2612 4412
1315 394 1407 444 102

449 544 512 595 ad
549 544 703 596 verba
737 544 938 597 τούτων
971 546 1261 612 πρόμαντις
1296 546 1455 599 οὖσαι
1494 549 1745 602 „nc'z'mliclz
1781 549 1938 600 durch
1973 550 2071 602 das
2095 551 2338 606 Gesclzrei

517 670 606 721 des
639 670 838 730 Kindes
865 671 1151 735 gemalznt.'’

449 794 512 845 ad
549 811 594 846 v.
632 796 754 847 755:
795 796 929 850 „Die
960 786 1249 863 A'nderung
1279 799 1369 850 des
1397 799 1576 851 Satzes
1606 798 1750 851 dieat
1773 800 1886 852 dem
1913 801 2334 876 humorsstisclzen

525 921 658 971 Tone
691 921 781 972 der
811 921 991 979 Rede.’'

1293 1155 1423 1207 XIV.

449 1348 627 1400 Aesch.
666 1350 801 1402 Pers.
838 1352 936 1402 579
970 1367 1081 1418 sqq.
1116 1352 1189 1404 sic
1222 1352 1382 1418 legas:

747 1516 758 1527 .
794 1516 805 1527 .
847 1477 1023 1534 τοκέες
1057 1497 1107 1529 τε

648 1601 836 1660 παῖδα,
876 1602 1102 1668 δαιμόνι’
1134 1604 1264 1670 ἄχη,
1301 1604 1368 1655 ὀᾶ
1380 1643 1392 1664 ,

651 1727 960 1793 δυρόμενοι·
997 1729 1235 1795 γέροντές
1269 1749 1320 1780 τε
1354 1733 1460 1781 πᾶν
1497 1730 1561 1797 δὴ
1599 1730 1846 1783 κλύουσιν
1881 1731 2052 1797 ἄλγος.

1306 1990 1412 2040 XV.

451 2184 636 2235 Iniuria
690 2185 1068 2238 Herwerdenus
1120 2190 1166 2238 et
1220 2187 1611 2244 Rutherfordius
1662 2189 1820 2241 ThuC.
1867 2190 1945 2253 IV,
1999 2191 2054 2253 3,
2101 2190 2131 2242 3
2181 2189 2338 2243 verba

382 2311 561 2377 ἑτέρου
596 2311 797 2376 μᾶλλον
831 2316 1144 2378 expungunt.

1295 2559 1424 2610 XVI.

450 2758 571 2808 Non
616 2757 858 2809 audiendi
905 2762 1025 2810 sunt
1069 2758 1140 2809 illi
1187 2759 1280 2810 viri
1327 2759 1493 2823 docti,
1541 2761 1630 2827 qui
1667 2761 2093 2827 praepositionem
2129 2760 2185 2813 ἒν
2218 2775 2336 2813 cum

386 2883 570 2935 Dativo
606 2874 924 2935 instrumenti
956 2887 1116 2936 ortam
1149 2899 1257 2936 esse
1284 2888 1461 2951 putant
1489 2901 1550 2937 ex
1579 2886 1954 2953 praepositione
1985 2886 2236 2939 Hebraica
2261 2895 2295 2934 2
2321 2925 2336 2940 .

1284 3145 1436 3197 XVII.

453 3342 639 3393 Iniuria
685 3342 1015 3395 Leeuwenius
1050 3343 1101 3393 in
1139 3342 1307 3394 verbis
1346 3342 1482 3396 ηΚαὶ
1509 3342 1782 3410 Ἀθηναῖοι
1817 3344 1866 3395 δ’
1896 3343 2055 3396 αὐτὸν
2090 3343 2174 3404 529‘
2205 3344 2338 3396 ἔτων

385 3468 507 3519 ὄντα
545 3458 834 3535 στρατηγὸν
869 3469 1063 3521 εἴλοντο
1096 3469 1203 3535 πρὸ
1238 3473 1344 3522 τῶν
1373 3469 1894 3536 Πελοποννησιακῶν
1928 3470 2087 3522 ἔτεσιν
2121 3469 2247 3521 ἑπτὰ
2282 3469 2338 3521 ἐν

383 3599 460 3660 τῷ
493 3594 629 3660 πρὸς
655 3595 924 3653 Ἀνανίους
957 3596 1207 3662 πολέμῳ”
1247 3596 1379 3662 (Vita
1412 3596 1682 3663 Sophoclis
1692 3614 1706 3661 ;
1741 3597 1802 3648 cf.
1841 3595 2101 3649 Dindorfii
2135 3595 2339 3649 Scholia

384 3723 437 3773 in
472 3723 743 3790 Sophoclis
778 3723 1086 3789 Tragoedias
1121 3724 1349 3789 Septem;
1400 3722 1634 3776 Oxoniae
1674 3724 1824 3787 1852,
1868 3739 1916 3788 p.
1952 3723 2004 3788 3)
2052 3717 2338 3774 testimonia
