2612 4412
1112 365 1174 413 43

733 580 782 643 β.
850 578 928 630 De
962 577 1220 643 βασιλικῷ
1256 580 1561 642 γραμματεῖ.

233 736 417 803 Neque
450 733 721 801 βασιλικὸν
758 732 1070 800 γραμματέα
1108 731 1361 783 vasarium
1399 730 1638 781 habuisse
1674 745 1735 780 ex
1771 728 1977 795 papyris
2013 743 2061 778 n.
2104 730 2121 776 1

166 836 215 885 et
249 833 302 896 7,
355 848 439 898 pp.
483 833 542 881 41
595 834 642 882 et
687 831 752 880 42
787 829 970 892 allatis,
1022 827 1235 894 aliisque
1258 828 1322 892 1),
1372 842 1589 892 quarum
1638 826 1738 876 iam
1791 839 1948 890 supra
1990 838 2130 874 men-

166 928 359 980 tionem
394 926 514 989 feci,
551 939 791 992 apparere
827 924 952 975 mihi
989 923 1259 988 videtur2).
1308 921 1597 974 Conficitur
1619 920 1830 986 quidem
1856 919 2131 985 quotannis

169 1024 222 1077 in
257 1023 433 1077 officio
469 1022 580 1074 eius
615 1020 976 1088 ἀπολογισμὸς
1012 1024 1104 1071 τοῦ
1130 1019 1392 1086 ἐδάφους,
1430 1019 1517 1084 qui
1544 1021 1711 1069 tamen
1737 1017 1911 1069 relatio
1936 1019 2131 1067 tantum

169 1123 274 1172 erat
305 1119 372 1172 de
416 1133 658 1185 agrorum
709 1117 853 1170 nomi
897 1120 1051 1180 statu,
1099 1117 1196 1168 situ
1235 1131 1356 1167 vero
1398 1114 1697 1179 finibusque
1738 1128 1844 1164 non
1888 1111 2133 1162 indicatis.

171 1217 432 1270 Praeterea
465 1231 582 1268 cum
620 1216 671 1266 in
709 1229 771 1267 eo
807 1217 962 1266 status
990 1213 1314 1276 mutatione5‚
1354 1227 1485 1278 quae
1509 1226 1647 1262 anno
1673 1212 1894 1261 vertente
1917 1207 2131 1268 fiebant,

171 1327 278 1366 non
324 1314 716 1375 annotarentur,
770 1315 1118 1377 καταγραφῆς
1171 1309 1286 1361 loco
1340 1308 1422 1359 ille
1472 1305 1832 1373 ἅπολογισμός
1872 1320 1982 1357 esse
2027 1318 2133 1355 non

170 1413 378 1477 poterat.
427 1409 549 1461 Duo
594 1412 762 1460 autem
811 1407 1012 1474 papyri,
1060 1407 1189 1472 Pap.
1235 1406 1363 1457 Tebt.
1415 1406 1457 1469 I,
1507 1406 1573 1456 30
1609 1408 1656 1455 et
1690 1405 1779 1466 31,
1829 1417 1959 1468 quae
2005 1401 2136 1451 hane

171 1520 337 1558 meam
373 1504 672 1572 opinionem
710 1507 932 1555 evertere
955 1503 1218 1566 videntur,
1257 1517 1311 1553 re
1337 1502 1519 1553 melius
1548 1503 1808 1568 perspecta
1831 1514 1941 1550 eam
1967 1497 2136 1564 potius

171 1601 492 1654 confirmant.
562 1599 706 1662 Quid
755 1604 829 1651 est
874 1599 984 1650 rei?
1044 1599 1246 1665 Papyro
1300 1598 1429 1648 Tebt.
1480 1599 1523 1661 1,
1572 1599 1638 1648 30
1686 1600 1806 1648 teste
1856 1595 2005 1646 Petro
2059 1609 2136 1644 ca-

171 1701 347 1750 toecus
398 1696 620 1764 quidam
676 1695 940 1763 praedium
1007 1711 1159 1747 suum
1220 1693 1524 1746 κατοικικόν
1581 1693 1663 1744 alii
1722 1696 1924 1744 catoeco
1975 1689 2136 1756 Didy-

174 1793 384 1845 marcho
418 1793 681 1845 transtulit.
719 1792 885 1844 Cuius
921 1792 991 1843 rei
1028 1807 1144 1843 cum
1183 1791 1308 1843 ratio
1346 1806 1451 1842 non
1477 1790 1540 1842 sit
1563 1789 1733 1842 habita
1758 1787 2138 1855 Didymarchus

173 1888 296 1948 τοὺς
340 1889 478 1956 πρὸς
520 1894 582 1956 τῇ
630 1889 864 1949 συντάξει
917 1892 1024 1940 τῶν
1060 1889 1327 1939 κατοίκων
1364 1889 1624 1953 ἱππέωνῧ)
1668 1886 1772 1937 adit
1806 1885 1878 1937 sie
1911 1884 2138 1936 scribens

176 1987 244 2052 (v.
284 1987 344 2038 15
379 1987 539 2053 sqq.):

242 2082 776 2149 παρακεχωρημένου
823 2086 932 2148 μοῦ
980 2080 1085 2132 ὑπὸ
1135 2079 1481 2146 Πέτ[ρ]ωνος
1526 2083 1617 2131 τοῦ
1668 2077 1885 2134 Θέωνος
1923 2075 2138 2142 Πέρσου

176 2183 268 2246 τῆς
302 2178 462 2246 αὐτῆς
496 2179 781 2245 ἱππαρχίας
815 2177 904 2229 τὸν
939 2177 1226 2244 ὑπάρχοντ’
1268 2177 1431 2227 αὗτῶι
1475 2175 1674 2242 κλῆρον
1708 2173 1827 2240 περὶ
1857 2172 2139 2239 Κερκεοσῖ-

178 2295 261 2342 ριν
296 2317 307 2328 .
345 2317 355 2327 .
394 2317 404 2327 .
442 2316 452 2327 .
493 2275 788 2342 (ἀρουρῶν)
838 2273 939 2334 κδ,Ἰ
998 2278 1104 2326 τῶν
1152 2273 1208 2325 δὲ
1254 2272 1390 2338 πρὸς
1425 2277 1532 2329 ταῖς
1569 2271 1944 2338 γραμματείαις
1981 2269 2139 2335 ἀγνο-

178 2372 384 2425 ούντων
414 2371 505 2439 τὴν
536 2375 808 2438 γεγονυῖαν
832 2370 950 2436 περὶ
983 2370 1172 2436 ἕ[μο]ῦ
1199 2370 1506 2435 οἰκονομίαν
1543 2368 1631 2419 καὶ
1667 2369 1736 2419 ἔτι
1772 2367 2140 2433 ἀναγράφουσι

180 2469 232 2535 (1.
268 2498 311 2505 -
344 2468 786 2536 ἀναγραψάντων)
825 2466 915 2519 τὸν
949 2467 1148 2534 κλῆρον
1183 2468 1254 2524 εἷς
1283 2466 1372 2517 τὸν
1401 2465 1691 2532 Πέτρωνα,
1729 2466 1862 2524 ἀξιῶ
1897 2463 2142 2522 συντάξαι

182 2565 384 2633 γράψαι
412 2565 828 2631 Ἀπολλ[ω]νίωι
864 2568 957 2615 τῶι
992 2564 1267 2630 βασιλικῶι
1305 2567 1605 2629 γραμματεῖ
1643 2563 1715 2613 ἵν’
1757 2560 1957 2617 εἰδὼς
1993 2560 2140 2610 ἀνα-

181 2661 437 2730 γράφηι
483 2663 576 2719 εἴς
620 2681 701 2726 με
746 2661 857 2718 τὰς
905 2660 1416 2728 σημαινομένας
1467 2658 1811 2724 (ἀρούρας)
1862 2658 1941 2708 κδ
1988 2657 2088 2708 κτὲ.

250 2757 378 2810 Petit
412 2747 578 2824 igitur*
601 2762 655 2809 ut
689 2757 754 2808 de
789 2757 979 2823 praedii
1012 2757 1337 2823 possessione
1361 2755 1425 2806 ad
1451 2770 1505 2806 se
1529 2755 1762 2806 translata
1784 2753 1848 2804 ad
1872 2751 2144 2818 βασιλικὸν

183 2854 494 2921 γραμματέα
530 2853 795 2917 referatur,
833 2854 897 2905 ἵν’
937 2853 1221 2920 ἅναγράφῃ
1264 2857 1348 2918 (sc.
1385 2851 1656 2918 βασιλικὸς
1689 2850 2047 2918 γραμματεύς)
2075 2851 2144 2906 εἰς

182 2948 343 3003 αὐτὸν
376 2949 467 3008 τὰς
502 2950 751 3016 ἀρούρας.

184 3158 594 3215 διερμηνεύΙσαντες
651 3158 985 3215 ἑλληνιστὶ
1029 3158 1350 3215 ἀναφέρομ[εν.
1411 3160 1708 3211 Supplementa
1751 3159 1849 3199 satis
1891 3162 2001 3198 certa
2045 3158 2144 3197 mihi

184 3239 389 3281 videntur.

241 3317 439 3359 Animum
460 3320 671 3369 praeterea
699 3317 901 3358 adtendas
925 3318 978 3358 ad
1000 3318 1140 3358 stilum
1162 3318 1411 3368 pessimum,
1444 3327 1529 3367 quo
1545 3316 1674 3356 utitur
1693 3314 1889 3354 Menches
1906 3314 1945 3353 in
1962 3314 2149 3364 epistolis

186 3395 295 3448 Pap.
326 3395 437 3436 Tebt.
461 3396 642 3438 servatis.

243 3473 280 3526 1)
335 3473 443 3526 Pap.
479 3474 590 3515 Tebt.
624 3474 662 3524 1,
697 3475 742 3514 14
774 3476 814 3514 et
842 3476 893 3514 27
926 3474 1001 3523 IV,
1033 3473 1085 3514 cf.
1117 3485 1157 3525 p.
1188 3474 1238 3515 32
1268 3485 1329 3524 sq.

243 3551 279 3604 2)
335 3553 535 3595 Autumat
574 3553 744 3605 quidem
788 3550 1171 3603 Bouche-Leclercq
1212 3551 1343 3603 (Hc‘st.
1390 3551 1431 3591 d.
1474 3551 1577 3602 Lag.
1623 3550 1675 3590 111
1709 3561 1749 3600 p.
1780 3549 1873 3599 390)
1917 3544 2150 3602 βασιλικὸν

188 3627 445 3684 γραμματέα
473 3630 678 3673 vasatium
710 3630 926 3679 habuisse,
957 3630 1030 3671 sed
1059 3630 1315 3680 argumentis
1346 3640 1444 3670 usus
1474 3640 1619 3680 parum
1652 3628 1826 3669 idoneis.

245 3706 281 3759 3)
337 3707 443 3750 Sunt
471 3711 558 3754 τοῖς
587 3706 814 3754 κατοίκοις
844 3708 1080 3759 praepositi.
